2364 3802
592 355 814 420 -ao-

275 541 383 597 menta
406 556 443 597 ac
466 533 612 600 lacrimas
637 535 717 615 cito,
742 533 886 598 dolorem
910 540 942 596 et
964 533 1138 598 tristitiam

237 679 240 684 ·
274 645 365 710 tarde
394 656 527 733 ponunt.
573 647 700 712 feminis
730 647 840 733 lugere
868 646 1041 712 honestum
1072 656 1136 727 est,

273 757 351 822 viris
374 757 567 823 meminisse.
1170 761 1171 768 ’

168 885 179 905 ·
243 929 251 938 .
340 869 475 935 haecin
494 893 661 936 commune
677 871 716 936 de
733 871 874 936 omnium
890 869 1137 936 Germanorum

275 981 399 1069 origine
422 1006 460 1046 ac
483 984 625 1048 moribus
649 983 841 1071 accepimus.
876 1007 962 1046 nunc
986 983 1134 1069 singula·
1153 969 1171 1044 5¹

273 1117 344 1158 rum
367 1095 512 1181 gentium
540 1096 685 1160 instituta
713 1097 856 1182 ritusque
888 1103 1047 1182 quatenus
1076 1095 1135 1158 dif—

273 1205 408 1290 ferant,-
424 1231 506 1294 quae
532 1207 679 1272 nationes
703 1231 720 1272 e
745 1207 920 1274 Germania
941 1207 975 1271 in
999 1205 1133 1272 Gallias
1170 1199 1171 1280 i

274 1296 565 1407 commigraverint,
590 1320 768 1409 expediam.

214 1438 254 1494 28
339 1433 511 1499 validiores
542 1433 619 1499 olim
643 1433 812 1499 Gallorum
840 1456 890 1497 res
920 1432 1021 1496 fuisse
1047 1455 1134 1496 sum·
1170 1419 1171 1422 Ἴ

272 1567 342 1610 mus
371 1555 482 1610 auctor
511 1545 602 1610 divus
625 1547 726 1611 Iulius
754 1546 868 1629 tradit3
898 1567 1002 1630 eoque
1027 1544 1133 1609 credi·
1149 1539 1171 1628 rt

220 1703 221 1711 η
271 1657 337 1721 bile
371 1655 420 1722 est
455 1658 551 1722 etiam
580 1656 693 1722 Gallos
723 1659 756 1722 in
787 1657 995 1724 Germaniam
1023 1667 1133 1721 trans·
1170 1661 1171 1664 ’

273 1791 410 1856 gressos.
447 1770 635 1854 quantulum
658 1771 743 1835 enim
767 1765 869 1836 amnis
894 1771 1045 1835 obstabat
1065 1791 1133 1854 quo

272 1881 377 1944 minus
408 1890 444 1945 ut
473 1903 619 1968 quaeque
652 1906 731 1970 gens
762 1884 925 1948 evaluerat
954 1891 1135 1968 occuparet

271 2003 531 2081 permutaretque
555 1995 646 2060 sedes
669 1996 866 2083 promiscuas
890 1995 995 2061 adhuc
1009 2005 1043 2059 et
1058 1995 1134 2058 nul-

273 2106 305 2171 la
338 2130 512 2194 regnorum
544 2108 690 2195 potentia
722 2108 863 2172 divisas?
913 2107 1012 2195 igitur
1042 2107 1132 2172 inter
1151 2115 1171 2170 15

272 2221 471 2308 Hercyniam
509 2220 622 2285 silvam
655 2220 869 2307 Rhenumque
906 2231 938 2286 et
971 2219 1128 2284 Moenum

274 2356 384 2397 amnes
407 2333 565 2414 Helvetii,
594 2331 748 2398 ulteriora
770 2332 860 2414 Boii,
891 2332 1018 2398 Gallica
1039 2343 1127 2396 utra-

274 2468 336 2530 que
365 2467 461 2532 gens,
492 2452 634 2510 tenuere.
687 2455 796 2510 manet
825 2445 929 2510 adhue
956 2444 1129 2509 Boihaemi

274 2580 391 2622 nomen
435 2556 605 2643 signatque
644 2556 707 2620 loci
747 2566 889 2622 veterem
926 2555 1127 2638 memoriam,

353 2791 378 2844 2.
400 2799 441 2845 est
461 2809 501 2846 om
517 2791 544 2844 C.
603 2791 648 2844 10.
669 2798 763 2844 auctor
776 2791 817 2844 B.-
837 2799 914 2846 autor
927 2793 960 2851 Α,
983 2799 1123 2845 auctorum

689 2888 733 2922 uer

276 2942 303 2996 c.
384 2943 429 2996 15.
456 2939 557 2996 suaa
579 2942 640 2997 rc:
667 2943 768 2996 diuisas
788 2943 820 2995 Α.
897 2942 945 2997 ra
974 2920 1128 2996 hircinam·

273 3023 305 3082 Α,
327 3020 480 3091 hircyniam
499 3021 535 3080 Β,
557 3021 695 3076 hercinam
718 3023 745 3076 O.
826 3019 876 3076 17:
899 3031 1011 3093 utraque
1031 3040 1071 3075 om
1091 3025 1122 3076 Α.

354 3153 399 3207 rs.
414 3117 525 3207 sotem
540 3153 572 3210 Α,
594 3133 699 3208 sofena
716 3155 744 3212 o,
765 3153 886 3207 behemi
899 3154 932 3207 Β.
1007 3155 1052 3208 19.
1067 3154 1119 3226 sig.

275 3243 374 3304 natque
394 3231 521 3294 A(B?).·
542 3231 729 3303 significatque
753 3229 871 3296 C(B?).
