2364 3802
45 517 128 584 sine
153 527 319 606 apparatu,
344 517 412 582 sine
435 518 661 584 blandimentis
684 521 848 607 expellunt
870 521 914 586 fe·

45 654 156 696 mem.
203 628 354 710 adversus
378 630 464 695 sitim
485 653 552 696 non
568 633 680 698 eedem
694 633 913 720 temperantia.

46 743 83 808 si
121 742 292 808 indulseris
328 743 492 825 ebrietati,
529 745 731 831 suggerendo
761 755 915 832 quantum

51 855 309 942 concupiscunt,
339 855 425 920 haud
453 856 558 921 minus
587 857 681 922 facile
709 857 796 922 vitiis
819 881 916 945 quom

6 985 27 1032 5
52 967 161 1032 armis
183 967 362 1032 vincentur.
416 1030 419 1035 .

6 1089 35 1144 ’4
129 1101 232 1167 genus
256 1063 511 1166 sileotsoulorum
532 1103 632 1146 unum
654 1092 750 1168 etque
773 1083 807 1148 in
830 1084 917 1148 omni

53 1201 158 1258 coetu
180 1191 275 1256 idem.
313 1192 391 1256 nudi
413 1193 554 1275 iuvenes,
578 1194 693 1281 quibus
711 1195 745 1260 id
760 1195 917 1260 ludicrum

53 1315 128 1386 est,
160 1303 244 1368 inter
272 1304 399 1390 gladios
428 1327 462 1369 se
492 1314 588 1392 atque
616 1305 748 1372 infestes
777 1306 915 1372 fremens

54 1417 147 1481 saltu
172 1415 305 1482 iaciunt
352 1416 539 1482 exercitatio
568 1426 671 1482 artem
692 1419 833 1506 paravit,
863 1441 915 1484 ars

6 1543 32 1592 ,ο
56 1529 229 1611 decorem3
255 1551 322 1594 non
344 1528 378 1592 in
400 1538 568 1615 quaestum
590 1538 698 1595 temen
720 1541 775 1596 sut
797 1554 915 1597 meroe·

56 1642 151 1706 dem:
187 1640 334 1727 quemvis
363 1641 492 1706 audacis
521 1642 671 1707 lasciviae
700 1643 838 1730 pretium
867 1653 916 1708 est

54 1753 211 1839 voluptas
240 1753 461 1839 spectantium.
517 1755 636 1837 elsam,
673 1755 759 1842 quod
789 1755 914 1840 mirere,

57 1864 164 1930 sobrii
187 1863 270 1930 inter
293 1865 377 1930 serie
395 1876 671 1948 exercent,'tente
686 1867 832 1934 lucrandi
846 1891 916 1955 per·

61 1976 202 2043 dendive
224 1977 403 2044 temeritate
425 1987 471 2059 ut,
496 2001 568 2042 oum
591 1979 698 2066 omnis
721 1980 916 2061 defecerunt,
955 1982 957 1988 '

7 2105 40 2152 15
62 2099 210 2154 extremo
234 2111 272 2154 ee
293 2088 469 2154 novissimo
492 2090 578 2154 iectu
601 2090 640 2156 de
662 2091 807 2156 libertate
824 2113 862 2154 ae
877 2090 917 2155 de

65 2223 201 2287 corpore
230 2201 436 2267 contendent.
480 2201 586 2266 vietus
611 2201 826 2266 voluntariam
853 2225 917 2267 ser·

61 2313 200 2386 vitutem
228 2313 310 2397 edit3
340 2313 486 2399 quemvis
515 2312 671 2394 iuvenior,
700 2314 845 2400 quemvis
859 2336 917 2380 ro·

61 2424 201 2507 bustior,
231 2424 358 2513 alligari
381 2447 416 2502 se
439 2448 477 2490 eo
499 2425 609 2490 venire
631 2415 761 2513 petitur.
808 2449 846 2492 ee
869 2436 919 2492 est

63 2537 101 2600 in
135 2559 171 2602 re
199 2561 304 2625 ,preve
336 2536 532 2625 pervioeoie3
567 2537 629 2625 ipsi
662 2537 759 2604 fidem
791 2548 918 2604 vocent.

11 2669 45 2718 no
65 2672 180 2715 servos
204 2649 402 2716 condicionis
431 2650 523 2716 huius
551 2673 610 2738 per
639 2650 830 2716 commercia
857 2660 920 2716 tre-

66 2760 158 2844 dunt‚
181 2771 218 2827 ut
240 2784 275 2826 ss
298 2783 426 2850 quoque
448 2762 571 2850 pudore
587 2761 741 2828 victoriae
758 2763 919 2829 exolvent.

14 2889 55 2944 25
139 2873 252 2939 ceteris
282 2873 383 2940 servis
411 2897 478 2938 non
500 2874 534 2938 in
555 2883 702 2940 nostrum
724 2897 846 2941 morem
869 2873 921 2942 de·

152 3063 179 3116 3.
199 3061 346 3116 indulseris
362 3080 399 3134 pr
418 3063 449 3117 Α.
550 3063 577 3116 9.
597 3062 725 3118 excitatio
749 3063 777 3117 C.
874 3079 922 3134 pe-

69 3149 113 3196 ret
145 3142 173 3195 C.
286 3142 331 3196 12.
361 3141 563 3214 expectantium
593 3143 650 3198 Bc.
753 3142 864 3198 miretur
895 3141 923 3196 0.

154 3219 200 3276 14.
221 3220 370 3277 defecerint
389 3224 429 3276 A:
