2364 3802
1157 150 1160 322 l

568 331 788 396 ‘²⁶‘
1158 343 1161 500 l

255 531 317 596 que
339 531 459 574 mense.
497 517 567 572 tum
589 505 630 572 ed
652 507 782 595 negotis
804 530 865 574 nec
887 508 992 574 minus
1009 531 1112 595 saepe

254 621 296 688 ad
316 621 463 686 convivis
488 620 666 706 procedunt
688 620 811 686 armati.
857 619 942 686 diem
963 629 1112 686 noctem-

256 757 318 820 que
347 732 532 798 continuere
561 730 703 820 potando
731 732 810 796 nulli
831 733 993 820 probrum.
1040 755 1113 797 cre-

255 847 352 927 brae,
382 854 417 908 ut
439 844 523 910 inter
551 845 752 926 vinolentos,
780 844 870 910 rixae
889 867 972 910 sero
1001 844 1114 908 convi-

255 957 333 1039 ciis„
347 956 473 1043 saepius
496 957 593 1022 caede
617 965 649 1021 et
670 956 853 1022 vulneribus
874 955 1111 1043 transiguntin.
1129 968 1141 1014 5

256 1069 313 1134 scd
344 1078 376 1134 et
405 1068 445 1134 de
473 1059 719 1134 reconciliandis
748 1067 886 1134 invicem
913 1067 1052 1132 inimicis
1079 1079 1113 1134 et

256 1179 425 1267 iungendis
456 1180 663 1246 affinitatibus
687 1190 719 1245 et
742 1180 934 1246 asciscendis
955 1179 1112 1268 principi

256 1294 332 1373 bus,
363 1291 402 1358 de
430 1315 510 1379 pace
533 1293 671 1380 denique
692 1315 730 1358 ec
754 1292 839 1358 bello
862 1293 1052 1379 plerumque
1078 1294 1114 1358 in

258 1403 413 1472 conviviis
448 1406 643 1487 consultant,
684 1414 848 1491 tamquam
880 1405 967 1470 nullo
1002 1406 1113 1493 magis

256 1527 401 1605 temporo
430 1528 484 1582 eut
512 1518 553 1583 sd
581 1517 741 1604 simplices
766 1516 976 1603 cogitationes
998 1527 1113 1604 pateat
1131 1527 1154 1576 lt

133 1699 136 1707 ,
258 1632 381 1698 animus
412 1641 467 1698 sut
489 1630 530 1695 sd
549 1651 686 1732 'magnas
710 1628 897 1702 incalescat
939 1652 1019 1716 gens
1044 1653 1114 1694 non

259 1754 363 1810 astuto
391 1767 451 1810 nec
481 1739 596 1806 callide
624 1739 727 1827 sperit
754 1740 856 1806 adhuc
883 1751 1008 1807 secreto
1037 1766 1115 1830 pec·
1167 1731 1168 1802 l

258 1855 337 1920 toris
375 1854 505 1919 licentis
542 1852 615 1920 ioci.
674 1875 752 1939 ergo
792 1852 917 1919 detecta
955 1863 987 1919 et
1023 1854 1116 1920 nuda

260 1967 402 2032 omnium
424 1990 514 2033 mens
534 1965 666 2054 'postera
688 1964 740 2030 die
762 1973 967 2031 retractatum
995 1976 1028 2032 et
1051 1969 1114 2032 sel=
1168 2017 1169 2024 κ

258 2104 300 2146 vs
334 2080 498 2168 utriusque
532 2077 684 2167 tempo1is
717 2077 800 2142 rstio
835 2086 900 2161 est3
935 2077 1157 2144 deliberante

260 2194 337 2258 dum
359 2193 482 2281 fingere
504 2191 661 2272 nesciunt,
686 2189 884 2254 constituunt
908 2189 983 2254 dum
1005 2212 1114 2256 errare

261 2327 328 2370 non
351 2314 495 2392 possunt.

203 2428 244 2486 2³
329 2416 425 2503 potui·
447 2415 560 2480 humor
589 2437 630 2480 ex
652 2411 772 2502 hordeo
796 2422 851 2480 out
864 2413 1049 2497 linimento,
1081 2415 1115 2480 in

263 2527 423 2614 quandem
442 2526 684 2592 similitudinem
705 2524 773 2590 vini
795 2535 978 2612 corruptus:
1005 2526 1115 2613 proxi-

263 2639 308 2704 mi
328 2639 417 2727 ripae
441 2648 473 2704 et
494 2638 605 2703 vinum
626 2645 816 2702 mercentur.
856 2637 919 2702 cibi
941 2637 1114 2726 simplices,
1133 2654 1160 2704 so

264 2751 405 2838 agrestis
418 2772 525 2839 poma,
548 2771 659 2816 recens
674 2747 743 2814 fers
765 2757 821 2814 sut
841 2749 891 2814 lec
914 2761 1115 2818 concretum:

345 2979 372 3032 5.
391 2981 584 3051 transfiguntur
604 2978 636 3032 A.
696 2979 722 3033 6.
742 2981 791 3034 sed
811 2986 838 3036 ot
858 2981 896 3035 A:
916 2981 965 3034 sed
988 2979 1117 3042 C(B.9).

264 3083 302 3186 ll
334 3058 393 3149 ¹12.
419 3061 506 3115 adhuc
534 3059 568 3112 C:
592 3060 628 3112 sd
653 3058 704 3114 hec
730 3059 788 3114 ΑΒ.
895 3059 940 3114 13.
970 3058 1024 3114 ioci
1054 3060 1116 3114 BC.-

302 3151 343 3186 ool

266 3207 321 3264 ioci
341 3208 372 3262 Α.
473 3209 518 3263 14.
538 3187 698 3264 retractetur
717 3207 750 3262 A.
781 3251 783 3255 Α
813 3173 819 3190 ⁸
