2364 3802
563 327 786 394 „12-

252 513 353 570 strata
375 505 552 570 comminus
576 506 776 593 captivitate,
806 527 904 594 quam
926 507 1024 594 longe
1046 507 1109 571 im·

252 616 424 704 patientius
453 617 644 682 feminarum
670 640 800 684 auarum
821 619 952 686 nomine
979 619 1108 700 timent,

253 727 333 794 adeo
362 738 398 794 ut
426 729 587 796 efficacius
611 730 794 818 obligentur
817 731 915 796 animi
939 731 1108 798 civitatum

255 841 370 928 quibua
399 841 483 906 inter
511 842 638 908 obsides
667 843 793 932 puellae
822 866 951 930 quoque
978 843 1108 909 nubiles

254 955 460 1042 imperantur.
510 954 616 1019 inesse
643 956 723 1042 quin
749 956 847 1021 etiam
874 965 1021 1020 sanctum
1048 956 1143 1020 ali—o

254 1066 332 1153 quid
354 1075 387 1132 el
408 1066 579 1153 providum
599 1077 724 1155 putant,
746 1091 808 1133 nec
832 1077 888 1134 aut
905 1067 1039 1132 consilia
1055 1091 1109 1132 ea·

254 1201 326 1244 rum
348 1189 558 1266 aspernantur
580 1189 636 1244 eut
657 1201 812 1267 responsa
836 1181 1023 1268 neglegunt.
1060 1180 1109 1244 vi-

255 1291 358 1356 dimus
374 1293 433 1356 sub
450 1292 524 1358 ‹livo
539 1291 739 1378 Vespasiano
754 1291 921 1375 Veledam,
945 1293 999 1357 diu
1021 1290 1108 1379 apud

255 1404 429 1490 plerosque
450 1404 597 1469 numiciox
613 1405 684 1469 loco
707 1405 863 1470 habitam:
894 1405 951 1470 scd
973 1415 1007 1469 et
1029 1404 1107 1468 olim

255 1515 436 1581 Albrunam
470 1526 503 1581 et
531 1516 702 1604 compluris
736 1517 815 1582 aliae
842 1507 987 1582 venerati
1020 1526 1105 1599 eunt,
1127 1524 1157 1580 lo

256 1651 322 1693 non
346 1627 527 1694 adulatione
549 1652 609 1694 nec
632 1639 796 1715 tamquam
818 1629 969 1724 faceren‘o¹
983 1628 1068 1694 deae.

124 1794 127 1798 .
223 1745 244 1800 9
324 1740 457 1805 deorum
472 1741 611 1806 maxime
626 1739 822 1806 Mercurium
838 1741 956 1823 colunt,
974 1741 1024 1805 cui
1040 1763 1107 1806 cer·

256 1851 298 1916 tis
328 1852 439 1917 diebus
467 1852 613 1918 humanis
642 1876 772 1939 quoque
798 1853 911 1918 hostiis
939 1853 1031 1918 litare
1056 1853 1108 1917 fae

257 1962 386 2059 habent.
431 1962 571 2030 Martem
598 1975 631 2030 et
652 1965 828 2032 Herculem
856 1965 1016 2030 concessis
1042 1964 1110 2028 ani-

257 2075 394 2140 malibus
417 2075 560 2163 *placana
604 2099 680 2166 pare
702 2076 882 2144 Sueborum
904 2088 937 2143 et
957 2077 1037 2143 Isidi
1058 2099 1107 2142 aa·
1129 2096 1159 2145 15

258 2187 389 2254 crificat.
424 2187 509 2256 unde
532 2213 630 2256 cauea
651 2200 684 2256 et
707 2190 799 2278 origo
821 2179 993 2278 peregrino
1015 2211 1106 2255 sacro

257 2321 371 2386 parum
399 2303 540 2386 comperi
547 2351 557 2385 ,
585 2302 648 2367 nisi
676 2302 764 2390 quod
791 2304 920 2390 signum
947 2293 1108 2390 ipsumin

358 2570 384 2624 1.
404 2571 527 2627 cominus
546 2569 682 2634 mer).
790 2571 819 2628 4·
830 2579 894 2642 post
911 2573 1000 2643 puelle
1014 2571 1110 2644 aliquid

258 2685 441 2743 erramina.
534 2659 640 2766 nibilea
653 2685 686 2746 A.
701 2685 806 2768 nobiles
821 2687 877 2740 BC.
976 2687 1003 2740 5.
1022 2685 1109 2758 impc-

259 2775 352 2855 rinlur
371 2799 403 2854 A.
543 2799 568 2854 7.
592 2801 740 2872 neglegunt
760 2802 800 2856 B.-
829 2798 972 2871 negligunt
992 2800 1034 2861 A(
1039 2797 1080 2853 C?
1083 2808 1110 2861 ).

359 2879 386 2934 8.
404 2880 527 2934 uelcdnm
546 2878 656 2942 13(c?).·
676 2882 802 2936 uolednm
814 2881 846 2934 Α.
946 2879 992 2934 10.
1011 2879 1109 2932 Albiu-

261 2978 323 3014 nam
343 2959 558 3028 Muellenbosfias:
582 2959 712 3015 auriniam
733 2961 819 3019 Aac,
840 2959 887 3014 red
905 2959 931 3012 in
951 2959 975 3010 A
994 2961 1006 3012 l
1026 2957 1108 3012 albri-

259 3039 332 3094 niom
352 3055 431 3108 cupra
454 3039 616 3109 adrcripncm.
716 3041 762 3094 11.
782 3056 870 3111 neque
883 3038 915 3092 A.
1015 3036 1062 3092 14.
1080 3045 1110 3090 ct

258 3117 397 3186 herculem
422 3124 486 3186 post
514 3118 625 3190 placant
649 3118 784 3182 ΛΜΨ).
901 3119 946 3173 15.
967 3135 1109 3174 suenorum

259 3194 385 3259 A(C?).
407 3213 550 3251 suenorum
560 3199 594 3254 Β.
700 3199 746 3253 16.
765 3197 970 3271 peregrinorum
989 3215 1066 3252 racro
1082 3197 1109 3250 C.
