2364 3802
563 367 784 431 ..33-

249 543 381 631 incipiat
410 567 429 608 a
457 543 570 608 Frisiis
599 567 637 608 ac
664 553 790 631 partem
818 542 922 607 litoris
953 553 1110 630 occupet,

192 741 199 754 ·
249 657 392 722 omnium
415 679 493 744 quas
512 655 646 743 exposui
661 654 805 743 gentium
820 655 973 720 lateribus
990 666 1111 742 opten-

250 768 344 852 ditur,
369 767 470 832 donec
493 768 527 831 in
552 765 686 832 Chattos
708 789 810 854 usque
833 767 987 832 sinuetur.
1037 777 1111 832 tam

249 882 439 946 immensum
465 890 624 946 terrarum
651 879 789 967 spatium
810 902 876 944 non
897 889 1011 945 tenent
1036 891 1111 946 tan·

178 1035 181 1050 »
248 976 317 1058 tum
347 990 483 1076 Chauci,
520 992 577 1057 scd
606 1001 639 1057 et
666 991 815 1079 implent,
845 993 982 1078 populus
1016 993 1142 1059 intere

249 1103 430 1171 Germanos
453 1104 668 1170 nobilissimus
699 1104 817 1192 quique
839 1104 1109 1190 magnitudinem

249 1240 340 1282 suam
353 1216 444 1282 malit
459 1215 579 1281 iustitia
595 1216 685 1281 tueri.
731 1216 799 1281 sine
822 1215 1007 1303 cupiditate,
1032 1219 1109 1282 sine

182 1407 185 1415 k
248 1330 451 1418 impotentia,
482 1329 581 1416 quieti
604 1327 782 1413 secretique
809 1329 898 1393 nulla
918 1342 1111 1416 provocant

247 1443 343 1526 bella,
358 1443 455 1507 nullis
471 1441 615 1529 raptibus
631 1450 687 1505 aut
702 1440 877 1504 latrociniis
892 1442 1107 1528 populantur.
1161 1453 1162 1456 ’

247 1556 281 1620 id
303 1555 510 1642 praecipuum
524 1552 651 1618 virtutis
675 1576 712 1617 ac
734 1553 851 1617 virium
872 1565 1107 1640 argumentum
1127 1568 1151 1615 ιι

250 1677 309 1749 est,
334 1667 421 1754 quod
442 1676 478 1730 ut
494 1666 673 1752 superiores
689 1674 788 1752 agant
802 1687 868 1729 non
890 1688 948 1752 per
964 1666 1106 1731 iniurias

249 1787 468 1863 assequuntur.
492 1786 640 1864 prompta
655 1788 763 1842 tamen
780 1777 926 1841 omnibus
942 1801 1036 1842 arma
1052 1803 1106 1858 ac,

248 1890 275 1954 si
304 1913 356 1954 res
383 1897 511 1976 poscat,
547 1888 721 1971 exercitus,
754 1889 925 1977 plurimum
952 1889 1107 1955 virorum

251 2024 486 2091 equorumquc3
514 2011 547 2065 et
569 2001 804 2087 quiescentibus
828 1990 939 2066 eodeni
961 2001 1061 2066 fama

188 2123 230 2180 36
315 2115 349 2179 in
371 2115 471 2179 latere
500 2109 702 2178 Chaucorum
731 2109 982 2199 Chattorumque
1012 2111 1150 2179 Che-15

247 2226 331 2291 rusci
353 2227 485 2290 nimiam
514 2249 552 2290 ac
580 2234 776 2290 marcentem
804 2225 857 2290 diu
879 2248 993 2314 pacem
1016 2226 1101 2290 inla-

246 2337 353 2403 cessiti
368 2337 563 2403 nutrierunt:
580 2337 676 2424 idque
692 2336 859 2403 iucundius
876 2361 971 2424 quam
994 2340 1096 2403 tutius

245 2449 320 2531 fuit,
357 2448 432 2536 quia
459 2449 543 2513 inter
578 2450 759 2536 inpotentes
793 2460 825 2514 et
852 2449 976 2514 validos
1011 2450 1098 2515 falso

345 2670 372 2723 1.
391 2668 464 2723 frisie
478 2669 557 2723 ABG.
658 2670 686 2724 2.
706 2669 864 2742 cpteuditur
876 2672 914 2724 A:
937 2672 1097 2727 obtenditur

244 2819 287 2878 Β,
307 2820 456 2872 obtendere
473 2818 499 2871 O.
599 2820 626 2872 3.
646 2827 733 2874 cattos
753 2822 785 2874 A.
885 2757 947 2876 iiiii
972 2821 1010 2882 A.
1037 2830 1094 2878 tam

247 2933 282 2993 o,
310 2949 373 2986 nam
398 2933 431 2985 Β.
531 2933 557 2986 5.
578 2901 652 2987 tta
677 2934 704 2987 c.
804 2935 829 2988 ι.
854 2937 992 2990 manaa
1018 2943 1042 2989 a
1058 2955 1094 3006 pr

244 3013 285 3072 A.
301 3011 397 3066 malint
409 3019 434 3064 et
448 3011 505 3064 tta
519 3012 595 3065 malit
612 3030 672 3066 corr
691 3013 729 3072 Α,
745 3013 822 3068 malit
845 3015 871 3068 C.
969 3017 995 3069 8.
1015 3015 1092 3086 quie·

243 3092 297 3146 tius
331 3091 359 3146 C.
458 3091 484 3144 9.
512 3090 620 3145 laciniis
654 3093 681 3146 0.
782 3095 826 3146 12.
856 3103 1033 3164 assequantur
1065 3097 1092 3150 C.

333 3171 436 3224 acBC:
450 3177 478 3222 et
492 3171 524 3222 Α.
614 3171 658 3222 15.
672 3178 858 3242 cattorumqna
872 3173 904 3224 Α.
994 3173 1090 3226 17.ἰο-

245 3246 358 3300 cundius
381 3245 424 3299 C?
524 3247 568 3299 18.
593 3246 746 3318 inpotentes
767 3251 803 3301 A.-
825 3249 988 3320 impotentes
1009 3252 1078 3304 Be?
