2364 3802
617 273 896 360 -46-Ι

303 449 426 516 Naristi
456 448 602 530 Quadive
631 449 837 538 degenerant.
884 473 993 538 eaque
1027 447 1141 516 Germa·

303 563 375 630 niae
397 564 486 628 velut
508 564 596 628 frons
620 574 684 646 est,
709 573 865 650 quatenus
887 563 1053 630 Danuvio
1076 585 1143 649 prae

303 675 451 762 cingitur.
502 675 718 742 Marcomanis
754 674 939 763 Quadisque
978 699 1089 762 usque
1118 673 1144 738 ad

301 796 444 852 nostram
466 787 652 854 memoriam
667 811 761 875 reges
788 799 975 854 manserunt
995 814 1043 856 ex
1066 796 1144 876 gente

301 899 458 986 ipsorum,
487 900 595 966 nobile
623 899 816 966 Marobodui
844 910 876 965 et
898 901 1007 966 Tudri
1042 921 1142 988 geom:

301 1013 366 1096 iam
395 1022 427 1076 et
454 1022 602 1078 externos
624 1013 803 1101 patinarum
832 1012 889 1078 sed
910 1013 958 1078 vis
986 1023 1025 1078 et
1048 1022 1141 1100 poten-

255 1133 259 1147 “
300 1125 346 1190 tia
361 1124 491 1211 regibus
508 1149 548 1190 ex
565 1125 753 1190 auctoritate
768 1125 924 1190 Romana.
958 1149 1043 1190 raro
1062 1122 1140 1189 armis

299 1236 434 1328 nostris,
459 1238 585 1325 saepius
607 1237 743 1324 pecunia
765 1237 928 1319 iuvantur,
951 1261 1018 1304 nec
1052 1237 1137 1300 minus

299 1351 417 1415 valent.
521 1399 523 1404 .
1000 1419 1006 1428 ,

241 1473 281 1528 43
365 1473 451 1526 retro
474 1461 632 1549 Marsigni
648 1459 756 1526 Cotini
772 1459 832 1526 Osi
853 1460 932 1525 Buri
954 1471 1056 1549 terga
1070 1459 1136 1524 Mar·

300 1571 522 1639 comanorum'
539 1573 787 1660 Quadorumque
821 1572 979 1638 claudunt.
1041 1597 1059 1639 e
1086 1569 1137 1657 qui·

298 1688 358 1752 bus
373 1685 532 1772 Marsigni
548 1696 580 1750 et
594 1686 673 1751 Buri
689 1709 835 1751 sermone
857 1686 1009 1771 cultuque
1026 1684 1135 1754 Suebos

299 1797 457 1862 referunt:
510 1794 643 1863 Cotinos
673 1796 816 1880 Gallica,
847 1796 931 1864 Osos
959 1795 1136 1864 Pannonica

300 1908 411 1996 lingua
434 1908 580 1996 coarguit
609 1932 674 1976 non
697 1934 766 1976 esse
790 1909 988 1994 Germanos,
1007 1921 1042 1976 et
1064 1903 1136 1994 quod

298 2023 419 2089 tributa
440 2022 615 2109 patiuntur.
659 2032 784 2110 partem
806 2022 998 2087 tributorum
1023 2021 1134 2090 Sarma·

299 2147 362 2218 tae,
393 2146 519 2224 partem
548 2134 655 2213 Quadi
681 2145 717 2199 ut
753 2135 941 2222 alienigenis
969 2136 1134 2222 imponunt.

300 2246 417 2330 Cotini,
442 2270 504 2334 quo
527 2247 630 2334 magis
651 2247 779 2334 pudeat,
801 2257 833 2312 ct
849 2248 966 2312 ferrum
982 2247 1129 2345 effodiunt

398 2529 424 2581 2.
449 2527 565 2588 denuuio
593 2527 653 2582 BC:
680 2528 798 2583 danubio
823 2529 854 2584 A.
961 2525 1133 2598 praecingitur

302 2609 472 2676 Toomuaaua:
499 2607 637 2679 peragitur
666 2609 745 2662 ΑΒΘ.
846 2608 873 2661 3.
900 2609 1079 2662 marcomania
1095 2601 1135 2658 BC

298 2694 323 2742 et
350 2705 410 2742 corr
443 2689 477 2746 Α,
509 2686 686 2744 marcomania
712 2705 750 2756 pr
779 2686 829 2740 As
926 2687 1021 2758 quadis
1053 2705 1084 2742 uc
1111 2681 1132 2733 C·

397 2765 425 2820 4.
439 2775 593 2822 manserunt
605 2766 665 2820 AO.-
680 2785 802 2822 mansere
816 2767 849 2824 Β,
943 2768 969 2822 5.
984 2759 1131 2822 marobodui

298 2847 335 2900 A.-
355 2846 512 2900 marabodui
525 2849 560 2906 Β,
582 2847 752 2902 marobodtui
770 2848 797 2900 C.
877 2849 903 2901 6.
923 2847 976 2902 iam
997 2847 1079 2902 etium
1096 2836 1130 2896 A?

398 2927 444 2980 10.
468 2926 557 2996 gotini
580 2925 723 2990 ΜΒΝ).
822 2925 891 2980 burii
914 2927 941 2982 C.
1040 2937 1131 2980 marco·

299 3007 476 3062 manorumB
498 3013 522 3060 et
539 3023 598 3060 corr
611 3007 649 3060 A:
670 3007 901 3060 marcomiuorum
916 3023 953 3076 pr
966 3005 999 3064 A,
1021 3005 1129 3059 marcho·

258 3104 437 3168 kmunorum
468 3086 495 3139 O.
594 3087 640 3144 12.
665 3103 760 3140 sueuos
785 3086 865 3140 ABG.
966 3086 1011 3140 13.
1035 3084 1129 3156 gotinus

298 3167 377 3220 Ano,
457 3166 503 3219 17.
524 3163 608 3220 cotini
631 3167 661 3219 C:
681 3165 771 3237 gotiui
790 3164 847 3219 AB.
