2364 3802
315 333 602 414 451-

60 497 250 594 ciuduntur.
285 526 471 592 fecundiora
486 525 585 614 igitur
606 548 737 591 nemore
753 526 915 613 lucosque,

61 642 154 706 sicut
183 639 313 719 orientis
341 640 486 723 secretis,
522 640 577 704 ubi
607 649 679 705 tum
712 639 917 725 balsamaque

62 753 235 836 sudantur,
259 753 304 817 ita
321 751 495 818 occidentis
510 752 622 818 insulis
638 752 795 838 terrisque
811 751 915 816 inesse

64 866 278 950 crediderim
303 887 385 952 quae
413 864 511 936 vicini
540 865 615 930 solis
644 864 741 930 radiis
766 887 917 953 expressa
1025 885 1031 894 ¹

25 990 167 1066 satque
196 977 351 1065 liquentia
379 978 412 1042 in
440 977 623 1065 proximum
651 999 738 1044 mere
767 977 917 1043 labuntur

64 1116 107 1158 ao
130 1091 164 1156 vi
185 1099 410 1178 tempestatum
433 1091 466 1155 in
482 1091 618 1156 adversa
633 1089 727 1156 litora
743 1089 914 1154 exundant.

65 1205 97 1270 si
132 1207 280 1270 naturam
309 1204 411 1294 sucini
439 1204 567 1269 admoto
596 1203 664 1290 igni
697 1211 848 1290 temptes,
882 1201 916 1266 in

65 1317 200 1382 modum
236 1315 351 1386 taedae,
385 1317 569 1382 accenditur
605 1315 723 1403 alitque
756 1315 916 1380 flammam

66 1430 224 1518 pinguem
247 1437 279 1494 et
302 1429 456 1512 olentem3
485 1451 562 1493 mox
591 1437 627 1493 ut
655 1427 688 1491 in
713 1428 817 1514 picem
839 1425 914 1492 resi·

17 1563 44 1610 10
66 1565 187 1610 namve
210 1541 369 1606 lentescit

137 1653 309 1721 Suionibus
338 1651 509 1719 Sithonum
538 1661 650 1740 gentes
682 1651 914 1732 continuentur.

69 1777 177 1834 cetero
199 1767 317 1832 similes
347 1789 411 1831 uno
436 1765 586 1832 differtmt
613 1765 698 1852 quod
720 1765 838 1830 femine
862 1764 915 1830 do-

69 1883 224 1948 minatur:
269 1879 302 1943 in
334 1887 459 1943 tantum
492 1901 558 1943 non
586 1878 681 1942 modo
712 1902 730 1942 a
759 1877 915 1960 libertate,

70 1995 127 2061 sed
148 1994 243 2058 etiam
264 2014 283 2055 a
305 1990 457 2055 servitute
480 1990 685 2076 degenerent.
766 1989 770 1994 ’

17 2119 51 2175 nt
138 2105 189 2171 hic
204 2102 341 2170 Suebiae
356 2101 438 2166 finis.
477 2101 690 2166 Peucinorum
705 2100 916 2166 Venetorum·

170 2275 196 2328 3.
218 2273 346 2326 sudantur
359 2271 419 2330 BC.-
440 2269 581 2324 sudantri.
674 2269 702 2322 4.
722 2268 812 2324 radius
837 2269 917 2324 Aue.

170 2369 306 2424 expresse,
324 2368 355 2404 ea
375 2349 523 2420 regelontie
536 2349 721 2404 Loctmuunus.
803 2349 828 2402 6.
854 2367 917 2405 exu-

73 2437 139 2490 dant
162 2435 188 2488 C.
279 2431 315 2500 Ὶ7.
340 2429 428 2484 sucini
453 2430 514 2484 BC.-
539 2428 642 2484 succini
662 2429 694 2482 A.
798 2427 918 2498 igniri:

75 2515 137 2586 igue
158 2511 214 2567 BC.
312 2517 402 2566 tentes
422 2507 567 2572 A(BC?).
657 2509 703 2562 11.
723 2507 871 2562 siuionibus
885 2510 919 2563 B.

172 2592 307 2647 sithonum
328 2597 353 2644 et
369 2591 397 2643 in
408 2590 519 2658 marqioe
533 2588 653 2644 sithones
674 2589 710 2642 A.-
731 2587 848 2643 sitonum
862 2589 917 2643 BC.

380 2676 417 2717 tes

170 2749 265 2814 gentes
293 2741 327 2794 C:
347 2758 414 2814 gens
435 2737 473 2800 Α,
494 2757 561 2812 gens
578 2739 610 2793 Β.
634 2791 639 2796 ,
703 2738 873 2793 continuatur
886 2738 919 2793 Β.

172 2823 217 2876 12.
255 2819 411 2875 differuntur
444 2820 471 2874 0.
579 2817 625 2872 14.
661 2820 825 2890 degenerant
857 2815 919 2872 BC:
955 2819 957 2824 ’

165 2905 252 2951 nerant
668 2892 765 2959 isneup

75 2977 251 3052 degenerutpr
267 2971 298 3024 A.
338 2999 339 3004 =
397 2970 442 3025 15.
468 2969 512 3026 hic
533 2969 624 3024 sueuie
652 2969 763 3038 (sneuie
781 2967 825 3038 B)
851 2969 918 3021 fines

75 3060 131 3118 BC,
151 3057 181 3112 hi
201 3057 291 3121 sueuie
311 3057 377 3112 fines
398 3053 428 3111 Α.
468 3056 529 3112 finis
550 3057 704 3110 Puteolanus.
789 3053 916 3126 peucine-

131 3169 132 3172 =
224 3149 282 3186 curo
813 3128 901 3182 {curo

78 3229 135 3266 rum
157 3209 188 3263 0.·
222 3207 395 3281 peucinorum
416 3215 440 3262 et
456 3208 483 3262 in
506 3208 617 3276 muryine
648 3205 755 3277 peucini
775 3205 812 3265 A,
828 3203 918 3277 peuci-

80 3308 172 3346 norum
189 3289 219 3342 Β.
299 3289 527 3360 uenethorumque
552 3287 585 3342 Β.

735 3361 770 3411 4*

13 3399 25 3428 N
