2364 3802
570 333 792 400 „15-

255 524 343 582 crata
371 525 530 602 mergunt.
580 513 749 580 diversitas
778 515 926 603 supplicii
955 515 1031 582 illuc
1056 537 1116 582 ,rc-

256 627 359 715 spicit‚
383 638 548 714 tamquam
570 627 693 694 scelera
715 628 841 694 ostendi
863 637 1011 717 oporteat
1031 629 1115 694 dum
1176 627 1178 758 4

256 741 446 828 puniuntur,
475 738 602 827 flagitia
628 739 793 806 abscondi.
833 741 896 806 ‘scd
924 751 957 807 ct
983 741 1115 807 leviori·

255 854 317 920 bus
346 853 469 918 delictis
497 874 556 940 pro
584 851 681 917 modo
711 876 832 940 pocus:
866 875 1024 941 equorum
1055 877 1115 941 pe·

256 988 430 1052 corumque
458 987 591 1030 numero
622 965 761 1030 convicti
783 964 988 1030 mulctantur.
1032 979 1150 1053 pauso

255 1079 394 1143 mulctae
412 1078 483 1164 rogi
505 1078 558 1142 vel
581 1077 721 1159 civitati,
743 1100 819 1164 pars
842 1077 905 1166 ipsi
928 1077 985 1164 qui
1006 1078 1114 1142 vindi-

256 1199 346 1255 catur
373 1190 426 1254 vel
457 1189 646 1277 propinquis
676 1190 743 1254 cius
771 1189 941 1256 exolvitur.
988 1190 1115 1277 cligun-

255 1312 309 1367 tur
335 1303 369 1366 in
397 1301 511 1367 iisdem
537 1302 682 1367 conciliis
711 1312 744 1368 ct
770 1301 932 1392 principes
962 1302 1018 1392 qui
1040 1301 1113 1368 iura
1178 1321 1179 1324 ’

255 1437 315 1502 pcr
335 1437 438 1501 pagos
460 1413 614 1501 vicosque
636 1414 784 1480 reddunt.
822 1415 950 1480 conteni
972 1414 1110 1502 singulis

255 1550 298 1594 cx
325 1527 419 1614 plabc
449 1527 581 1592 comites
609 1527 778 1592 consilium
800 1527 895 1592 simul
918 1537 950 1592 ct
972 1527 1110 1592 auctori·
1132 1545 1163 1596 10

255 1648 307 1705 tas
329 1647 448 1704 assunt.
863 1643 879 1666 ²
1179 1647 1180 1706 i

203 1766 240 1823 1³
324 1751 404 1816 nihil
426 1760 532 1816 autom
554 1772 658 1836 nsque
680 1751 829 1838 publicas
845 1773 951 1839 nsque
964 1752 1111 1840 privatas
1179 1717 1180 1768 i

257 1861 306 1929 rci
326 1863 389 1926 nisi
412 1862 527 1928 armati
549 1872 661 1949 agrmt.
705 1862 763 1928 sed
785 1885 876 1930 arma
897 1885 1022 1930 sumere
1044 1885 1113 1930 non

258 1984 333 2040 ante
355 1975 504 2061 cuiquam
525 1975 625 2039 moris
648 1997 745 2061 quam
767 1975 880 2040 civitas
904 1977 1113 2041 suffecturum

256 2087 451 2177 probaverit.
497 2098 567 2152 tum
594 2086 629 2152 in
656 2087 727 2174 ipso
756 2087 894 2153 concilio
921 2089 974 2154 vel
995 2088 1113 2176 prinoi-
1134 2104 1166 2155 15

257 2224 335 2288 pum
358 2199 473 2288 aliquis
495 2199 548 2265 vel
570 2208 663 2286 pater
683 2199 737 2265 vel
753 2199 926 2288 propinqui
944 2211 1036 2268 scuto
1052 2201 1113 2290 fra-

259 2333 394 2400 mcaquc
416 2313 565 2378 iuvenem
579 2319 705 2376 ornant.
739 2311 920 2400 haocapud
935 2313 1008 2380 illos
1024 2323 1112 2401 toga,
1180 2355 1181 2360 κ

342 2600 368 2652 1.
388 2605 477 2652 creata
501 2598 528 2651 0.
628 2596 654 2649 3.
672 2592 776 2667 flagitia
790 2597 840 2652 BC
852 2605 877 2652 et
888 2616 975 2668 maryo
991 2599 1030 2653 A.-
1051 2617 1115 2670 sup-

261 2677 344 2750 plicia
357 2679 388 2732 A.
464 2671 496 2731 et‘
513 2677 544 2730 A.
643 2675 671 2729 4.
690 2695 779 2748 poena
799 2678 944 2733 Acidalins:
965 2695 1116 2749 poenarum

261 2759 342 2812 ABG.
429 2756 456 2811 ὁ.
476 2757 622 2812 multantur
643 2755 699 2810 Bc.
798 2758 824 2812 6.
845 2757 913 2829 ipsis
929 2775 966 2828 pr
984 2759 1032 2812 A..

586 2842 626 2882 tur

262 2905 414 2962 uindicatur
432 2906 466 2961 C:
482 2905 633 2961 uindicauit
650 2906 682 2965 A.
702 2905 895 2962 uindicauitB.
992 2907 1019 2962 8.
1039 2906 1115 2978 prin·

263 3003 328 3058 caps
344 3004 381 3056 pr
400 2987 431 3041 A.
531 2987 576 3041 11.
606 2988 688 3062 sucat
718 2987 815 3040 adsunt
846 2987 879 3041 Β.
1007 2988 1052 3041 13.
1073 3005 1116 3042 ar·

766 3071 819 3112 tum

265 3143 336 3191 mato
356 3151 394 3206 pr
416 3137 444 3192 C.
550 3136 596 3192 15.
621 3144 679 3190 tum
702 3137 735 3191 C.-
760 3155 821 3191 cum
840 3137 873 3197 A,
896 3153 957 3192 cum
977 3137 1010 3192 Β.

267 3215 313 3270 16.
333 3215 481 3288 propinqui
501 3217 538 3270 A.-
557 3215 726 3289 propinquus
750 3214 818 3270 Bc?
