2364 3802
590 333 811 400 ..32-

212 523 254 581 29
340 511 481 578 omnium
508 509 620 576 harum
648 509 793 597 gentium
820 509 937 576 virtute
963 509 1129 597 praecipui

273 624 390 690 Batavi
404 646 470 690 non
485 623 621 690 multum
636 645 678 690 ex
692 623 773 711 ripa,
796 622 854 688 sed
868 621 1006 687 insulam
1021 621 1129 686 Rheni

274 737 377 802 amnis
399 736 520 818 colunt,
545 733 734 802 Chattorum
757 734 919 822 quondam
933 734 1076 822 populus
1098 743 1128 798 et

275 849 431 916 seditione
453 848 628 914 domestica
657 847 691 912 in
715 869 769 912 eas
792 847 883 912 sedes
906 856 1128 933 transgressus

274 963 309 1028 in
331 962 446 1049 quibus
468 983 543 1048 pars
564 959 703 1025 Romani
725 958 851 1046 imperii
872 957 994 1024 fierent.
1020 969 1154 1022 maneta

276 1074 378 1138 honos
400 1083 433 1139 et
455 1072 606 1159 antiquae
622 1071 783 1138 societatis
806 1069 946 1157 insigne:
969 1093 1050 1136 nam
1072 1093 1129 1134 nec

275 1186 404 1251 tributis
434 1191 680 1252 contemnuntur
701 1207 762 1249 nec
784 1183 972 1270 publicanus
1003 1183 1128 1264 atterit3

276 1298 417 1385 exempti
446 1297 595 1362 oneribus
631 1305 663 1361 et
691 1296 915 1362 collationibus
944 1303 975 1359 et
1002 1304 1129 1360 tantum
1166 1355 1167 1360 ,

276 1411 310 1475 in
331 1433 424 1476 usum
451 1409 646 1497 proeliorum
674 1407 805 1495 sepositi
826 1408 915 1473 velut
936 1407 1001 1472 tela
1032 1418 1128 1494 atque

276 1547 365 1588 arma
387 1522 480 1588 bellis
502 1530 714 1587 reservantur.
787 1583 791 1594 ,
1142 1534 1162 1584 tt

344 1645 393 1700 est
426 1634 461 1698 in
495 1634 609 1698 eodem
650 1632 805 1719 obsequio
840 1641 874 1698 et
905 1630 1134 1697 Mattiacorum

279 1769 369 1832 gens.
392 1745 527 1832 protulit
550 1745 635 1816 enim
658 1744 846 1832 magnitudo
868 1743 979 1832 populi
993 1743 1134 1808 Romani

278 1858 361 1922 ultra
383 1857 532 1921 Rhenum
559 1857 707 1944 ultraque
738 1865 863 1922 veteres
892 1855 1047 1923 terminos
1079 1855 1134 1920 im·

277 1968 358 2057 perii
380 1969 601 2035 reverentiam.
639 1968 684 2034 ita
707 1969 782 2034 sede
803 1968 983 2056 finibusque
1011 1969 1046 2033 in
1069 1992 1129 2032 sua

276 2083 356 2170 ripa,
380 2092 486 2147 mente
509 2081 680 2169 animoque
694 2081 862 2147 nobiscum
884 2090 993 2168 agunt,
1018 2089 1128 2146 cetera
1146 2097 1164 2146 15

278 2195 397 2260 similes
419 2194 568 2276 Batavis,
600 2193 663 2260 nisi
692 2193 779 2281 quod
806 2192 875 2280 ipso
898 2193 1000 2260 adhuc
1021 2203 1127 2260 terrae

277 2329 352 2372 suae
377 2307 445 2372 solo
470 2315 501 2372 et
524 2306 612 2372 eaelo
636 2305 740 2370 acrius
764 2305 952 2372 animantur.

343 2441 407 2482 non
437 2418 671 2484 numeraverim
699 2418 781 2502 inter
805 2416 997 2485 Germaniae
1026 2441 1127 2506 popu·

278 2531 343 2612 los,
373 2553 566 2617 quamquam
595 2539 683 2595 trans
705 2531 854 2595 Rhenum
876 2530 1128 2616 Danuviumque
1168 2571 1169 2580 κ

278 2642 496 2724 consederint,
525 2665 580 2707 eos
610 2641 666 2729 qui
694 2642 874 2708 decumates
904 2665 1000 2730 agros
1035 2665 1127 2708 exer·
1142 2653 1164 2702 ‘20

295 3025 315 3074 h
378 2947 403 3000 2.
423 2946 515 3002 batoni
534 2948 572 3016 A,
593 2946 696 3002 batauii
716 2947 771 3002 BC.
871 2949 897 3002 3.
918 2949 1069 3004 chattorum
1094 2948 1126 3002 C:

279 3069 430 3118 oattorum
444 3062 479 3121 Β,
502 3068 633 3116 cattorum
647 3062 679 3115 Α.
764 3061 872 3134 populis
888 3063 915 3117 C.
1003 3062 1048 3115 11.
1068 3081 1125 3116 ma-

276 3141 407 3196 tiaeorum
430 3141 457 3194 C.
557 3142 602 3194 16.
627 3140 732 3196 hattuis
757 3142 790 3196 Α.
894 3141 939 3195 19.
966 3139 1124 3196 danuuium·

278 3235 331 3288 que
353 3221 384 3273 C:
415 3219 614 3291 danubiumque
646 3221 703 3274 AB.
822 3221 868 3274 20.
898 3222 1072 3276 decumathes
1093 3222 1125 3274 Β.
1168 3219 1169 3252 ss
