2364 3802
386 359 604 422 ..49-

55 533 267 622 adiungunt:
313 537 463 619 solutum,
486 535 578 602 utin
603 535 793 623 quibusdem
818 525 924 604 flumiJ

55 669 159 730 num,
185 657 217 712 et
232 649 394 731 mutabile,
417 659 453 714 ut
466 671 518 714 res
533 650 648 737 poscit,
675 649 749 716 hinc
764 651 816 716 vel
831 651 918 716 illinc
935 684 940 695 =

57 760 251 851 remigium.
297 772 346 827 cst
375 762 459 849 apud
487 761 558 826 illos
589 772 621 826 ct
655 763 768 850 opibus
802 764 920 847 honos3

61 895 176 960 eoque
191 897 272 938 unus
287 874 458 962 imperitat,
475 874 570 939 nullis
586 875 651 940 ium
667 875 919 962 exceptionibus,

21 1002 38 1050 5
62 1009 138 1050 non
154 986 299 1073 precario
315 987 383 1053 iure
397 987 541 1075 parendi.
587 1011 646 1054 nec
663 1011 761 1070 orma,
784 998 820 1053 ut
835 989 920 1078 apud

64 1108 198 1164 ceteros
222 1097 419 1182 Germanos,
448 1100 481 1164 in
509 1100 708 1188 promiscuo,
733 1101 789 1167 sed
813 1095 920 1168 clausa

65 1211 132 1276 sub
163 1212 310 1293 custode,
340 1223 372 1278 et
400 1213 529 1301 quidem
558 1237 666 1297 servo,
696 1214 771 1301 quia
798 1214 919 1308 subitos

66 1324 213 1390 hostium
242 1325 385 1390 incursus
419 1325 567 1414 prohibet
598 1326 763 1409 Oceanus,
799 1327 920 1394 otiosae

68 1459 170 1524 porro
184 1448 377 1503 armatorum
394 1461 506 1503 monus
518 1438 612 1504 facile
624 1439 807 1504 lasciviunt:
823 1439 920 1505 enim-

11 1566 49 1614 10
71 1571 152 1615 vero
165 1571 269 1636 neque
280 1551 421 1616 nobilem
432 1573 537 1638 noque
549 1550 732 1638 ingenuum,
748 1566 790 1616 nc‘
802 1551 920 1618 liberti·

71 1685 152 1726 num
165 1663 293 1750 quidem
305 1663 400 1728 armis
411 1687 609 1751 praeponere
624 1664 714 1751 regia
728 1664 848 1730 utilitas
861 1675 919 1730 est.

7 1790 51 1847 45
139 1785 226 1840 treus
242 1773 378 1842 Suionas
395 1776 599 1859 alturnam,
624 1775 752 1863 pigrum
767 1801 804 1842 ac
819 1799 920 1865 prope

73 1888 250 1969 immotum,
275 1911 338 1976 quo
363 1889 449 1975 cingi
467 1888 614 1976 cludique
630 1898 788 1956 terrarum
810 1890 920 1956 orbcm

74 2001 149 2066 hinc
177 2001 256 2067 fides
287 2001 373 2087 quod
401 2011 561 2066 extremus
589 2001 730 2068 cadentis
758 2002 821 2068 iam
844 2003 920 2068 solis

21 2128 54 2176 15
75 2114 181 2201 fulgor
203 2114 237 2180 in
261 2124 366 2179 ortum
389 2113 501 2178 edurat
524 2113 604 2179 adeo
629 2115 732 2179 clarus
758 2123 795 2179 ut
817 2114 921 2181 sidera

78 2226 212 2293 hebetet.
249 2249 364 2291 sonum
387 2227 516 2313 insuper
531 2227 724 2313 emergentis
740 2225 843 2292 audiri
858 2227 921 2292 for·
987 2295 993 2303 ,

77 2362 206 2426 masque
236 2338 368 2406 deorum
397 2349 429 2404 et
458 2338 565 2404 radios
594 2339 707 2426 capitis
730 2339 828 2426 aspici
851 2363 921 2427 per·

78 2452 182 2518 suasio
206 2451 312 2517 adicit.
360 2452 436 2517 illuc
465 2475 566 2537 usquo
595 2461 628 2517 et
650 2452 735 2518 famo
756 2475 833 2518 vera
854 2462 922 2518 tan·

79 2575 146 2630 tum
167 2574 289 2631 natura.

10 2693 59 2741 uo
144 2692 222 2766 ergo
266 2678 330 2744 iam
370 2677 482 2742 dextro
522 2674 651 2744 Suebici
694 2677 790 2742 maris
829 2677 923 2744 litore

176 2869 201 2921 8.
243 2866 346 2922 otiosae
382 2867 496 2920 Colerus:
531 2866 623 2921 ociose
655 2866 718 2925 AB,
753 2864 860 2920 occiosu
896 2867 923 2920 C.

177 2948 221 3000 12.
244 2947 351 3001 suionas
372 2946 433 2999 Bc.-
454 2946 563 3001 suiones
584 2945 616 3000 A.
695 2946 740 3001 15.
761 2953 848 3000 ortum
862 2945 923 3000 AB:

86 3036 153 3082 ortus
176 3027 203 3080 Ο.
320 3026 365 3079 16.
385 3026 547 3098 emergentis
568 3045 608 3080 om
631 3026 657 3080 C.
775 3025 874 3081 formos
898 3024 924 3079 C.

86 3108 234 3177 formaeque
256 3107 379 3162 docorem
400 3107 527 3161 Heinsius.
598 3106 642 3161 18.
662 3103 756 3161 adiicit
774 3106 854 3160 ABG.

148 3185 239 3234 sucuici
317 3182 428 3234 {suevici

89 3258 131 3313 20.
149 3253 245 3313 s'euici
266 3258 298 3318 A.
320 3256 419 3312 saeuici
433 3257 468 3317 Β,
491 3254 590 3313 saeuici
608 3256 636 3318 C.
657 3255 772 3312 suionici
792 3273 879 3326 marco
894 3257 926 3312 A.

761 3355 767 3371 Ι
797 3363 813 3384 ¹⁴

581 3395 584 3405 ι
650 3399 674 3417 ⁴1¹
698 3389 735 3405 ΙΗ
759 3369 814 3431 4¹⁴

647 3435 652 3448 J
701 3423 719 3448 ,Α
778 3415 814 3448 λδ,

619 3460 622 3470 ι
676 3459 702 3480 ¹·
759 3447 814 3476 ¹4¹

591 3487 611 3495 iv
665 3483 668 3496 ι
697 3481 705 3497 ὓ
764 3480 768 3492 ’
812 3477 815 3490 ¹
