2364 3802
575 335 796 400 ..40-

227 549 228 556 1
259 511 330 578 bus.
376 535 417 578 ex
445 533 509 599 quo
534 512 562 578 si
585 512 626 576 ad
649 512 783 576 altemm
806 512 1007 600 imperatoris
1034 513 1122 578 Tra·

259 623 325 688 iani
354 625 554 689 consulatum
583 634 819 711 eomputemus,
850 625 980 688 ducenti
1011 625 1122 690 ferme

259 745 292 802 et
315 737 426 802 decem
449 737 525 802 anni
549 736 750 823 colliguntur.
789 736 909 802 tamdiu
935 735 1123 802 Germania

259 847 406 914 vincitur.
453 848 558 913 medio
586 858 654 914 tam
675 849 764 936 longi
788 849 859 914 aevi
883 849 987 936 spatio
1011 851 1122 914 multa

259 959 398 1025 invicem
421 960 546 1026 damna.
585 985 650 1026 non
666 959 804 1043 Samnis,
827 985 893 1026 non
907 960 1022 1043 Poeni,
1049 985 1120 1026 non
1137 979 1148 1025 5

259 1071 436 1159 Hispaniae
453 1072 631 1156 Galliaeve,
652 1096 693 1138 ne
709 1074 821 1140 Parthi
838 1072 967 1161 quidem
982 1075 1120 1161 saepius

259 1185 465 1250 admonuere,
509 1186 627 1272 quippe
653 1209 754 1273 regno
778 1184 909 1250 Arsacis
933 1186 1041 1250 aerior
1068 1196 1120 1252 est

261 1295 497 1363 Germanorum
518 1297 659 1362 libertas.
699 1298 775 1384 quid
799 1299 883 1362 enim
907 1298 994 1362 aliud
1016 1300 1118 1364 nobis

260 1431 357 1496 quam
380 1410 511 1475 eaedem
526 1406 635 1475 Crassi
658 1411 775 1476 amisso
791 1420 823 1474 et
838 1410 907 1497 ipse
922 1410 1051 1476 Pacoro
1070 1412 1120 1475 in-

259 1521 309 1587 fra
334 1521 522 1588 Ventidium
550 1522 690 1588 deiectus
721 1523 825 1606 oriens
856 1522 1033 1588 obiecerit?
1084 1532 1117 1588 at
1134 1533 1155 1581 u

261 1631 415 1699 Germani
439 1631 588 1700 Carbone
617 1645 649 1700 et
673 1632 785 1700 Cassio
810 1644 842 1700 et
862 1633 983 1700 Scauro
1007 1633 1117 1700 Aure·

259 1745 303 1808 lio
327 1754 359 1809 et
379 1742 516 1810 Servilio
542 1743 720 1833 Caepione,
741 1745 811 1812 Cn.
836 1769 963 1834 quoque
986 1745 1116 1812 Manlio

259 1854 336 1920 fusis
358 1856 411 1919 vel
440 1856 541 1944 captis
570 1858 711 1946 quinque
738 1859 832 1925 simul
856 1859 1034 1924 consularis
1060 1883 1117 1924 ex·

260 1965 376 2032 orcitus
394 1967 513 2055 populo
529 1968 690 2054 Romano,
705 1972 829 2036 Varum
843 1971 964 2059 trisque
982 1994 1115 2069 eumleo

260 2079 404 2168 legiones
434 2081 530 2148 etiam
560 2079 691 2150 Caesari
722 2084 935 2167 abstulerunt3
963 2105 1024 2148 nee
1055 2083 1113 2148 im·
1133 2093 1157 2142 15

259 2215 344 2279 pune
367 2189 537 2260 CMarius
560 2195 594 2259 in
616 2195 721 2278 Italia,
745 2195 836 2261 divus
859 2196 959 2262 Iulius
982 2196 1016 2260 in
1034 2194 1112 2262 Gal-
1163 2189 1164 2196 ἵ

260 2303 318 2385 lia,
347 2303 472 2370 Drusus
502 2329 540 2371 ao
567 2305 655 2372 Nero
679 2316 715 2374 et
739 2305 950 2374 Germanicus
980 2307 1014 2371 in
1045 2308 1107 2372 suis

260 2437 314 2478 eos
337 2415 464 2481 sedibus
482 2418 695 2503 perculerunt.
724 2441 801 2487 mox
818 2419 965 2506 ingentes
983 2417 1124 2485 C.an·'

259 2525 338 2590 saris
362 2526 467 2592 minae
489 2528 524 2592 iu
546 2528 717 2595 ludibrium
739 2553 860 2596 versae.
900 2531 974 2596 iude
996 2531 1109 2613 otium,

238 2732 242 2754 ⁸
357 2741 385 2797 4.
409 2743 465 2797 taffi
486 2761 523 2813 pr
546 2745 578 2797 Α.
683 2746 709 2799 9.
735 2754 762 2800 et
789 2747 847 2818 ipse
873 2747 934 2801 lieri
957 2765 1006 2800 non
1031 2749 1108 2801 nulli.-
1163 2761 1164 2766 ’

257 2820 367 2894 etipso
388 2830 416 2876 et
435 2823 494 2892 ipse
515 2825 594 2878 ABG.
695 2827 740 2880 11.
766 2834 794 2880 et
819 2829 850 2881 L.
871 2827 965 2882 Cassio
987 2828 1108 2882 Ritterua

358 2902 403 2957 12.
426 2901 479 2956 Cn„
494 2901 640 2958 ernestus:
660 2905 754 2960 Marco
768 2905 847 2960 ABG.
948 2906 994 2960 14.
1011 2907 1105 2978 populi
1163 2887 1164 2982 i

257 2980 362 3034 romani
383 2981 433 3036 Bc
451 2988 475 3036 et
489 2997 527 3052 pr
546 2982 584 3041 Α,
607 2984 707 3056 populo
721 2985 824 3041 romani
840 3003 900 3040 corr
912 2987 944 3041 Α.
1042 2986 1105 3040 tris·
1163 2999 1164 3018 1

257 3075 310 3130 que
329 3061 366 3114 A.-
385 3067 494 3132 tresque
515 3062 570 3115 Be.
671 3065 716 3118 15.
736 3065 837 3120 caesari
855 3067 892 3118 A.-
913 3065 1028 3120 caesaris
1050 3065 1104 3119 BC,
1163 3085 1164 3128 r

245 3169 247 3176 ι
377 3139 422 3192 18.
452 3141 673 3211 abspereulerunt
700 3160 738 3212 pr·
770 3145 802 3196 Α.
921 3143 950 3198 C.
982 3142 1103 3198 Caesaris
1163 3169 1164 3208 3

257 3244 294 3256 -
316 3226 424 3272 nostrae
445 3237 485 3272 om
508 3219 535 3273 C.
