2364 3802
393 331 614 396 ...ῃ-

67 505 126 572 hic
156 505 276 594 primus
306 505 452 574 iuventae
481 504 600 594 honos,
629 519 703 576 ante
729 510 790 575 hoo
813 511 925 578 domus

67 642 149 706 pars
172 619 331 701 videntur,
354 642 431 684 mox
453 619 500 685 rei
521 621 679 708 publicae.
717 623 852 712 insignis
869 647 925 690 no-

68 730 182 796 bilitas
205 740 261 796 aut
283 755 401 819 magna
415 742 543 820 patrum
557 733 672 800 merita
688 735 841 824 principis
858 735 926 825 dig·
1020 749 1026 760 '

69 842 239 910 nationem
268 844 364 910 etiam
392 844 637 912 adolescentulis
667 847 847 934 assignant:
877 873 925 914 ce-

31 970 49 1018 5
71 955 137 1026 teri
158 956 390 1024 robustioribus
414 979 452 1022 ac
475 957 538 1022 iam
560 957 688 1044 pridem
704 961 847 1045 probatis
870 985 925 1048 ag-

70 1077 266 1155 gregantur,
306 1092 366 1134 neo
400 1071 497 1134 rubor
531 1070 614 1135 inter
649 1071 780 1136 comites
814 1073 923 1160 aspici.

70 1179 194 1267 gradus
218 1180 295 1266 quin
318 1181 414 1246 ctiam
437 1181 505 1268 ipsc
529 1183 698 1248 comitatus
715 1183 821 1266 habet,
845 1183 923 1250 iudi·

70 1293 124 1358 cio
148 1293 215 1358 eius
240 1315 334 1379 quem
357 1303 534 1377 sectantum
567 1317 749 1381 magnaque
772 1306 804 1361 et
828 1298 924 1362 corni-

71 1415 142 1470 tum
163 1405 344 1487 aemulatio,
369 1406 483 1492 quibus
505 1406 625 1493 primus
648 1407 923 1495 apudprincipem

18 1536 51 1583 10
73 1541 166 1582 suum
188 1517 288 1599 locus,
313 1526 345 1582 et
360 1517 551 1606 principum,
575 1519 626 1582 cui
644 1518 773 1606 plurimi
788 1530 821 1584 et
836 1543 921 1586 acer·

70 1629 144 1694 rimi
160 1630 302 1695 comites.
338 1629 417 1704 haec
436 1629 585 1716 dignitas,
609 1630 669 1695 hae
684 1631 779 1713 vires,
802 1655 920 1719 magno

69 1765 197 1828 semper
220 1742 393 1808 electorum
421 1742 570 1808 iuvenuni
593 1743 691 1830 globo
716 1744 919 1828 circumdari3

72 1854 106 1918 in
132 1876 213 1941 pace
236 1854 348 1935 decus,
378 1854 518 1920 inbelle
541 1855 744 1942 praesidium.
789 1880 849 1922 nec
872 1881 920 1922 so-

72 1967 139 2032 lum
168 1966 201 2030 in
224 1989 281 2033 sna
304 1976 399 2052 gente
423 1967 537 2053 cuique
543 2016 552 2049 ,
583 1969 640 2034 sed
663 1969 747 2055 apud
769 1968 919 2034 finitimas

22 2095 55 2142 15
76 2099 201 2164 quoquo
224 2078 369 2144 civitates
392 2078 425 2144 id
447 2101 580 2160 nomen,
610 2101 648 2144 ea
671 2079 775 2165 gloria
798 2090 862 2160 est,
893 2080 920 2144 si

75 2212 203 2256 numero
234 2214 272 2256 ae
300 2190 417 2255 virtute
441 2189 608 2255 comitatus
638 2189 790 2255 emineat:
826 2213 920 2277 cxpe-

72 2311 181 2366 tuntur
203 2302 289 2368 enim
311 2302 525 2391 legationibus
549 2311 582 2368 et
603 2301 786 2367 muneribus
807 2325 920 2368 ornan-

71 2423 123 2480 tur
146 2424 178 2479 et
200 2415 270 2502 ipsa
292 2416 478 2502 plerumque
500 2415 586 2480 fama
608 2414 693 2479 bella
714 2414 897 2501 profligant.

22 2540 57 2598 ll
140 2551 213 2592 cum
234 2537 366 2594 ventum
386 2527 420 2605 in
443 2527 559 2608 aciem,
586 2535 679 2614 turpe
700 2526 836 2614 principi
857 2527 919 2592 vir·

23 2658 55 2706 20
74 2649 140 2705 tute
162 2640 265 2721 uinci,
294 2650 386 2727 turpe
410 2639 574 2706 comitatui
595 2639 745 2704 virtutem
766 2638 918 2726 principis

73 2775 137 2817 non
165 2752 353 2838 adaequare.
399 2751 463 2817 iam
490 2775 567 2818 vcro
596 2751 713 2816 infame
736 2752 769 2815 in
792 2775 917 2816 omnem

72 2864 171 2930 vitam
201 2888 239 2929 ae
266 2865 457 2952 probrosum
480 2864 681 2952 superstitem
702 2863 837 2952 principi
860 2887 916 2928 suo

152 3051 178 3106 3.
204 3051 366 3123 dignitatem
386 3054 417 3108 A.
515 3052 542 3106 4.
569 3052 653 3108 ceteri
674 3052 794 3122 Loesius.-
820 3050 915 3106 ceteris

74 3131 151 3184 ABG.
224 3133 249 3185 7.
269 3132 351 3188 etiam
372 3131 393 3186 Α
419 3130 517 3196 (B?):
537 3131 552 3184 ὁ
573 3132 678 3186 deletum
700 3132 726 3185 C.
801 3133 845 3185 11.
865 3131 915 3193 hec

75 3210 142 3264 uires
158 3227 196 3281 pr
216 3207 248 3266 A.
347 3212 392 3266 21.
413 3228 510 3283 equare
533 3211 560 3266 C.
658 3209 715 3266 uiro
736 3211 768 3265 A.

5 3381 12 3424 ν
751 3332 765 3378 2
