2364 3802
373 371 594 436 ..33-

47 558 139 614 cent.
169 547 349 618 levissimus
377 547 512 634 quisque
543 546 712 614 Gallorum
741 557 773 613 et
800 547 909 635 inopia

49 660 164 726 audax
191 659 306 725 dubiae
327 659 539 746 possessionis
568 661 672 726 solum
695 681 907 746 occupavere3

47 795 131 837 mox
161 771 261 836 limite
291 781 362 836 acto
385 771 604 858 promotisque
627 771 793 860 praesidiis
821 772 908 836 sinus

50 884 183 973 imperii
206 893 238 948 et
260 907 334 970 pars
357 883 541 970 prouinciae
564 883 730 950 hahentur.

9 1005 32 1060 [t
125 996 211 1060 ultra
234 995 292 1060 hos
317 992 404 1060 Carti
426 995 551 1062 initium
573 996 658 1060 sedis
681 996 721 1061 ah
744 995 908 1083 Hercynio

50 1109 140 1175 saltu
162 1107 330 1189 incohent,
360 1129 426 1172 non
449 1107 494 1172 ita
517 1107 626 1173 effirsis
649 1131 687 1172 ac
714 1081 913 1195 palustribus

49 1221 136 1286 locis
164 1229 201 1284 ut
229 1229 352 1286 ceterae
382 1218 526 1286 civitates
554 1220 589 1284 in
624 1243 702 1307 quas
733 1217 909 1286 Germania

49 1332 208 1422 patescit:
232 1331 348 1396 durant
371 1331 528 1417 siquidem
551 1332 659 1414 colles,
683 1332 839 1419 paulatim
859 1355 908 1396 ra-

50 1453 196 1525 rescunt,
220 1453 252 1508 et
269 1440 402 1511 Chattos
426 1465 500 1508 suos
524 1444 622 1509 saltus
636 1443 819 1530 Hercynius
835 1465 909 1530 pro·

11 1575 30 1622 o
53 1556 202 1643 sequitur
231 1555 326 1620 simul
355 1564 451 1642 atque
475 1555 614 1642 deponit.
662 1555 791 1621 duriora
818 1555 908 1642 genti

53 1689 208 1755 corpora,
232 1667 334 1730 stricti
357 1675 460 1748 artus,
489 1667 599 1732 minax
621 1669 728 1734 vultus
750 1676 784 1731 et
806 1667 909 1732 maior

53 1780 156 1846 animi
177 1779 282 1865 vigor.
305 1778 450 1860 multum,
473 1789 509 1843 ut
531 1779 615 1844 inter
638 1777 835 1860 Germanos,
858 1803 907 1844 ra-

53 1893 153 1958 tionis
174 1915 212 1956 ac
233 1890 408 1956 sollertiae:
431 1913 629 1978 praeponere
645 1891 774 1972 clectos,
799 1891 909 1956 audire

52 2003 272 2093 praepositos,
300 2024 396 2066 nosse
425 2002 568 2084 ordines,
598 2002 787 2088 intellegere
818 2025 908 2066 occa-

17 2119 173 2198 usiones,
198 2115 326 2180 differre
348 2114 495 2201 impetus,
521 2113 689 2201 disponere
713 2112 813 2194 diem,
841 2113 908 2178 val-

55 2230 124 2294 lare
146 2238 289 2308 noctem,
319 2226 481 2290 fortunam
509 2225 593 2290 inter
616 2224 727 2305 dubia,
756 2224 907 2290 virtutem

53 2343 140 2407 inter
155 2349 244 2406 certa
257 2359 434 2419 numerare,
460 2338 609 2424 quodque
629 2335 827 2402 rarissimum
848 2360 910 2402 nec

160 2561 185 2616 1.
207 2559 359 2616 leuissimus
381 2577 433 2632 qua
457 2563 485 2616 C.
572 2559 599 2614 5.
619 2559 689 2612 ultra
712 2559 776 2613 Cet
793 2574 854 2612 corr
872 2559 912 2612 A:

55 2677 133 2730 urea
153 2675 178 2728 a
199 2681 224 2728 u
237 2691 274 2744 pr
293 2675 325 2728 Α.
418 2674 503 2730 chatti
525 2675 563 2728 a.-
583 2673 649 2727 eata
664 2672 717 2726 rc.
815 2650 910 2744 aaa.

54 2756 105 2810 nio
126 2755 167 2813 A.
189 2753 311 2808 hercinio
333 2755 367 2814 0,
393 2753 518 2824 hirc'ynio
538 2753 572 2806 B.
676 2753 702 2806 6.
722 2750 852 2806 incohent
872 2752 911 2806 B.-

55 2835 191 2890 inchoant
213 2834 235 2887 C
258 2842 282 2887 et
307 2851 367 2888 corr
386 2833 426 2892 A.
453 2833 596 2888 inchoatur
617 2849 654 2901 pr
672 2832 704 2884 Α.
808 2831 834 2885 8.
862 2832 911 2885 du-

55 2932 122 2969 rans
135 2930 174 2984 pr
192 2912 224 2967 A.
304 2921 457 2968 rarerscunt
475 2913 509 2972 Α,
529 2928 665 2966 rarescere
681 2911 709 2964 0.
789 2910 815 2964 9.
834 2912 910 2966 chat-

55 3037 102 3084 tos
116 3028 156 3081 B:
178 3034 265 3082 cattos
285 3028 318 3088 A.
342 3003 432 3083 iactos
456 3027 484 3081 C.
581 3024 718 3081 hercinias
737 3023 799 3084 AC,
820 3023 911 3094 hircy-

57 3178 122 3236 nius
136 3178 170 3231 Β.
249 3113 425 3238 lhatdded,
446 3184 526 3248 atque
552 3176 586 3237 0,
607 3193 639 3230 ac
659 3175 692 3228 B.
779 3174 826 3228 14.
847 3189 913 3228 noes

60 3279 94 3316 co
118 3259 146 3312 C.
245 3257 400 3330 intelligere
419 3253 565 3320 A(BC?).
601 3277 605 3289 ·

748 3371 763 3420 3
