2364 3802
395 345 595 409 ..9-

64 511 177 608 magis
199 544 296 608 quam
312 543 424 588 amum
439 531 630 610 sequuntur,
652 521 741 588 nulla
755 521 925 588 affectione

66 633 181 715 animi,
205 633 262 698 sed
284 633 359 721 quia
379 655 529 699 numerus
552 643 778 722 argenteorum
799 633 925 700 facilior

68 746 144 810 usui
168 755 217 812 est
239 747 421 832 promiscua
443 770 482 812 ac
504 745 582 812 vilia
604 746 829 812 mercantibus.

23 869 49 924 6
138 881 181 924 ns
209 857 328 924 ferrum
357 858 487 945 quidem
512 869 671 946 superest,
701 859 783 924 sicut
806 881 847 924 ex
870 881 925 945 gs·

30 991 47 1038 5
69 993 148 1036 uere
177 969 314 1035 telorum
340 970 511 1057 colligitur.
556 971 621 1036 rari
643 970 759 1058 gladiis
782 980 838 1036 aul
859 994 925 1036 ma·

69 1082 194 1148 icribus
223 1082 343 1148 lanceis
372 1092 519 1150 utuntur:
565 1083 673 1151 hastas
700 1081 754 1148 vel
781 1083 925 1170 ipsorum

69 1194 230 1261 vocabulo
259 1196 397 1260 frameas
425 1205 559 1282 gerunt,
594 1204 732 1281 angusto
766 1205 799 1260 el
832 1194 924 1261 brevi

69 1308 168 1387 ferre,
193 1305 250 1372 sed
270 1306 316 1372 ita
338 1306 405 1372 acri
428 1317 461 1374 et
476 1306 518 1374 ad
531 1329 625 1373 usum
639 1307 739 1373 habili
752 1317 789 1374 ut
812 1306 925 1372 eodem

70 1418 136 1484 telo
160 1429 257 1505 prout
278 1419 360 1484 ratic
383 1419 488 1506 poscit
510 1420 563 1485 vel
581 1419 758 1484 comminus
773 1419 832 1505 vel
849 1418 925 1484 emi·

15 1552 53 1600 10
72 1555 133 1597 nus
156 1539 310 1618 pugnent.
351 1540 383 1596 ct
405 1554 502 1617 eques
526 1519 655 1617 quidem
677 1541 768 1598 scuto
791 1531 925 1596 framea·

72 1667 135 1730 que
165 1652 333 1709 contentus
369 1653 432 1724 est,
466 1643 590 1730 pedites
619 1652 652 1708 et
679 1643 812 1709 missilia
839 1665 925 1730 spar-

72 1765 170 1842 gunt,
199 1754 355 1842 pluraque
383 1755 518 1842 singuli,
547 1765 645 1843 atque
672 1756 707 1822 in
734 1756 924 1820 immensum

72 1868 217 1948 vibrant,
247 1866 324 1932 nudi
348 1877 403 1932 aut
425 1868 538 1954 sagulo
568 1869 667 1936 leves.
710 1868 798 1934 nulla
821 1868 924 1932 cultus

74 1979 222 2062 iactati03
245 1988 336 2044 scuta
351 1988 476 2046 tautum
498 1980 679 2046 lectissimis
695 1980 856 2045 coloribus
879 1979 925 2044 di-

22 2114 57 2162 15
76 2092 251 2178 stinguunt.
281 2091 391 2178 paucis
407 2091 535 2172 loricae,
559 2093 615 2156 vix
632 2091 688 2155 uui
710 2089 843 2156 alterive
859 2111 926 2154 cas-

77 2203 120 2268 sis
143 2179 195 2270 aui
218 2202 321 2290 galea.
345 2204 420 2291 equi
443 2225 509 2268 non
531 2204 645 2285 forma,
668 2224 735 2266 uon
755 2199 926 2267 velocitate

75 2315 253 2402 conspicui.
299 2315 356 2382 sed
383 2339 444 2382 nec
468 2315 595 2381 variare
620 2331 721 2402 'gyros
748 2313 783 2378 in
804 2335 927 2378 morem

73 2438 220 2494 nastrum
248 2427 418 2496 docentur:
452 2427 486 2492 in
514 2437 638 2492 rectum
665 2437 722 2492 aut
748 2448 813 2491 uno
840 2425 926 2492 flexu

175 2755 201 2810 1.
221 2755 364 2810 affectione
387 2755 422 2810 C.-
446 2754 619 2812 affectatione
640 2754 701 2808 AB.
801 2753 828 2808 5.
847 2753 926 2808 tello·

75 2853 134 2888 rum
147 2835 174 2888 C.
255 2836 282 2889 9.
295 2836 360 2890 tello
373 2836 402 2891 0.
483 2835 604 2890 cominus
618 2831 747 2896 A(BO?).
826 2833 872 2887 12.
885 2840 926 2888 st·

127 2928 154 2960 ln

76 3002 136 3057 quc,
148 2988 284 3040 imensum
298 2986 338 3046 Α,
369 2991 450 3056 atque
471 2985 484 3037 ῑ
505 2987 641 3038 Imensum
657 2983 691 3044 C.
716 2990 797 3055 atque
818 2984 831 3036 ῐ
851 2997 927 3036 meu-

76 3083 135 3118 sum
155 3065 189 3118 B.
269 3064 315 3118 14.
335 3063 631 3135 distinguntA(BC?).
717 3063 762 3118 16.
783 3070 829 3116 aut
848 3061 927 3132 galea

75 3144 227 3198 Rumam:
247 3153 294 3198 sut
313 3145 390 3214 galee
411 3145 469 3203 ΑΒ,
492 3144 605 3215 sugslee
628 3144 656 3200 0.
757 3142 803 3196 17.
824 3138 927 3196 uariare

78 3224 141 3279 BC:
161 3223 292 3280 uarietate
312 3224 344 3278 A.
