2364 3802
382 365 679 430 „29-..

59 542 110 609 sis
141 542 176 607 in
203 542 292 608 vices
322 552 534 629 occupantur,
565 565 646 630 quos
674 566 752 609 mox
779 544 863 608 inter
884 566 919 608 ae

61 655 243 720 secundum
266 655 486 742 dignationem
507 656 697 743 partiuntur.
735 655 921 721 facilitatem

62 767 227 854 partiendi
250 790 435 855 camporum
451 768 554 855 spatia
568 769 733 855 praebent.
771 791 848 833 arva
863 791 921 855 per

65 902 171 944 annos
187 889 322 962 mutant,
341 887 373 945 et
389 890 534 967 superest
549 856 636 968 ager.
671 903 731 946 nec
746 880 832 946 euim
848 904 920 946 cum

20 1006 42 1054 5
65 993 216 1056 ubertate
233 1001 266 1057 et
281 991 490 1079 amplitudine
506 993 566 1058 soli
587 993 696 1058 labore
713 993 919 1074 contendunt,

63 1113 102 1169 ut
125 1104 270 1191 pomaria
293 1113 463 1170 conserant
474 1129 476 1134 ·
486 1114 518 1170 et
532 1115 625 1192 prata
640 1114 788 1193 separent
802 1115 834 1172 et
849 1104 920 1170 hor·
1028 1131 1032 1138 ·

63 1225 118 1280 tos
140 1215 264 1302 rigent3
288 1216 357 1281 sola
379 1226 484 1282 terrae
507 1237 600 1304 seges
616 1219 799 1305 imperatur.
834 1217 920 1282 unde
955 1291 958 1298 ,

66 1350 188 1392 annum
211 1350 338 1415 quoque
359 1329 464 1416 ipsum
486 1352 551 1394 non
572 1330 606 1394 in
621 1330 756 1395 totidem
771 1329 921 1417 digerunt

66 1439 209 1527 speeies:
232 1438 333 1505 hiems
356 1450 389 1508 et
410 1464 469 1506 ver
491 1449 525 1507 et
546 1451 650 1506 aestas
670 1440 867 1506 intellectum
883 1465 920 1506 ac

5 1567 45 1615 10
65 1551 227 1616 vocabula
255 1551 391 1636 habent,
421 1553 564 1618 autumni
590 1553 722 1641 perinde
742 1577 859 1619 nomen
883 1578 920 1619 ac

65 1664 155 1728 bona
177 1663 375 1750 ignorantur.
807 1671 809 1676 ’

7 1784 52 1840 27
136 1775 284 1841 funerum
312 1777 400 1842 nulla
429 1779 571 1845 ambitio.
622 1779 655 1844 id
683 1779 787 1844 solum
815 1779 921 1843 obser-

69 1898 150 1954 vant
170 1898 207 1952 ut
230 1911 365 1976 corpora
383 1891 541 1956 clarorum
556 1891 699 1956 virorum
715 1890 810 1956 certis
826 1890 922 1978 lignis

72 2011 263 2066 crementur.
315 2011 435 2066 struem
474 2003 547 2089 rogi
586 2027 646 2068 nec
686 2003 829 2067 vestibus
862 2025 922 2066 nec
1001 2057 1002 2060 ,

13 2127 52 2174 15
72 2113 223 2178 odoribus
248 2113 425 2178 cumulant:
449 2137 507 2179 sua
529 2115 644 2200 cuique
662 2137 761 2196 arma,
786 2135 922 2200 quorum·

72 2225 148 2290 dam
164 2226 233 2312 igni
248 2235 281 2290 et
296 2247 396 2313 equus
413 2225 557 2291 adicitur.
596 2226 776 2312 sepulcrum
793 2247 922 2312 caespes

69 2337 180 2426 erigit:
216 2347 495 2403 monumentorum
529 2339 664 2404 arduum
693 2347 726 2403 et
753 2359 923 2425 operosum

67 2450 225 2515 honorem
247 2460 282 2516 ut
298 2473 430 2538 gravem
446 2451 603 2516 destructis
620 2459 839 2538 aspernantur.
878 2449 922 2514 la-

152 2694 178 2747 1.
200 2693 228 2748 in
248 2693 321 2750 uices
343 2695 383 2749 B.-
404 2695 522 2752 inuicem
542 2697 576 2756 A,
598 2695 671 2751 uices
692 2695 719 2750 0.
815 2695 842 2748 3.
862 2711 923 2766 pre·

227 2775 239 2826 i
259 2784 362 2846 prebent
710 2841 716 2852 ⁸

67 2853 204 2989 pelpltmgi,
231 2864 355 2925 prestant
380 2855 415 2914 Β,
444 2857 537 2926 pstant
565 2854 591 2907 C.
693 2854 719 2908 5.
744 2853 836 2909 labore
862 2853 923 2907 BC:

68 3014 196 3068 luborare
216 3013 254 3073 Α,
276 3014 288 3066 i
308 3013 431 3068 laborare
452 3030 539 3082 marpo
560 3012 593 3067 Β.
694 3011 720 3065 6.
740 3021 867 3086 separent
888 3013 921 3067 Β.

283 3098 307 3140 et

172 3170 200 3216 et
223 3162 255 3216 0:
282 3170 312 3218 ut
331 3163 369 3223 Α,
391 3169 421 3218 ut
440 3163 474 3216 Β.
573 3170 647 3216 ortos
668 3162 700 3216 Β.
802 3163 847 3216 12.
871 3163 921 3218 ob·

70 3249 191 3297 servatur
211 3241 268 3296 BC.
319 3262 321 3268 ’
370 3243 415 3297 16.
437 3241 605 3298 adiiciturA
629 3239 743 3304 (Rus).
