2364 3802
584 331 805 398 ...14-

269 535 340 578 rum
376 533 504 599 quoque
539 509 709 598 praesagia
736 533 775 576 ac
804 511 943 576 monitus
973 511 1134 598 experiri.

212 633 216 642 '
268 625 397 716 publica
432 624 560 692 aluntur
590 621 705 690 iisdem
737 624 923 688 nemoribus
955 647 995 689 ac
1033 623 1131 703 lucis,

269 737 398 804 candidi
421 748 454 804 et
475 737 564 802 nullo
586 735 715 802 mortali
738 759 835 823 opere
858 738 1018 803 contacti:
1043 760 1131 824 quos

266 873 394 939 pressos
417 873 510 918 sacro
534 871 628 915 curru
651 850 801 915 sacerdos
824 873 863 914 ac
885 873 943 915 rex
965 851 1022 916 vel
1039 851 1131 937 priu-

268 985 343 1050 ceps
373 963 511 1029 civitatis
541 963 735 1028 comitantur
761 961 966 1049 hinnitusque
996 985 1040 1026 ac
1064 963 1154 1028 fre-⁵

268 1076 364 1142 mitus
380 1077 561 1142 observant.
605 1097 666 1140 nec
678 1074 736 1140 ulli
753 1061 896 1162 auspicio
911 1075 1015 1140 maior
1031 1075 1128 1155 fides,

267 1211 334 1254 non
361 1189 465 1254 solum
493 1188 577 1276 apud
599 1188 743 1276 plebem,
772 1187 828 1253 sod
851 1187 936 1275 apud
957 1210 1127 1274 proceres,

269 1300 355 1389 apud
384 1301 582 1368 sacerdotes:
611 1324 645 1366 se
675 1299 761 1366 enim
789 1299 951 1365 ministros
975 1299 1127 1381 deorum,

270 1413 343 1480 illos
373 1415 518 1480 conscios
545 1423 669 1502 putant.
715 1422 764 1478 est
792 1422 824 1476 et
850 1413 913 1476 alio
936 1413 1126 1499 opservatiu

270 1527 484 1614 auspiciorum
501 1548 566 1614 qua
580 1525 728 1614 gravium
742 1525 900 1589 bellorum
916 1534 1053 1590 eventus
1071 1549 1127 1590 ex·
1142 1539 1163 1588 u

268 1640 423 1727 ploratur.
461 1639 530 1704 eius
552 1625 658 1726 gentis
681 1661 753 1702 cum
769 1661 833 1725 qua
847 1637 967 1729 bellurn
982 1647 1032 1702 est
1049 1661 1126 1726 cap·

268 1752 370 1816 tivum
399 1772 529 1837 quoquo
557 1750 653 1816 modo
682 1751 893 1838 interceptum
921 1773 994 1815 cum
1016 1749 1124 1816 eleeto

267 1862 470 1951 popularium
482 1885 611 1928 suorum
622 1863 734 1950 patriis
747 1855 906 1949 quemque
921 1862 1018 1945 armis
1033 1885 1124 1927 com-

267 1974 408 2040 mittunt.
452 1974 590 2040 victoria
616 1974 708 2040 huius
730 1975 784 2040 vel
805 1975 891 2040 illius
912 1997 971 2062 pro
994 1975 1123 2062 praeiu-

268 2087 351 2155 dicio
374 2087 538 2176 accipitur.
1140 2107 1167 2170 15η

219 2212 252 2269 11
337 2200 376 2266 de
409 2201 586 2266 minoribus
614 2202 708 2268 rebus
736 2201 897 2300 pripojpes
920 2201 1117 2280 consultant,

269 2314 308 2378 dc
331 2314 504 2388 maioribus
528 2333 647 2395 omues,
675 2314 721 2379 ito
743 2323 849 2379 tamon
872 2323 909 2379 ut
930 2337 970 2378 ea
992 2335 1117 2401 quoquc
1166 2397 1167 2400 Ἴ

268 2448 405 2513 quorum
427 2449 526 2512 penes
546 2427 673 2513 plebem
689 2426 856 2492 arbitrium
871 2437 920 2490 est
935 2425 1020 2512 apud
1035 2427 1119 2514 prin·
1166 2413 1167 2472 i

269 2538 354 2632 cipes
378 2547 621 2626 pertractentur.
667 2547 799 2620 coeunt,
823 2537 886 2602 nisi
910 2538 987 2625 quid
1009 2524 1121 2631 fcitui·
1166 2627 1167 2640 χ

349 2743 375 2796 4.
397 2761 503 2816 pressus
520 2761 557 2814 pr
576 2744 607 2797 A.
681 2743 708 2796 5.
728 2761 760 2798 ac
780 2745 844 2798 AB:
865 2753 894 2798 ct
916 2719 956 2798 C.¹
1025 2744 1120 2798 'Lsed
1166 2751 1167 2764 ¹

267 2825 304 2916 .⁰·'
332 2825 380 2878 sed
406 2823 488 2878 etium
508 2823 701 2893 Mepiuturdus.
724 2842 764 2877 cm
789 2825 847 2878 AB.
953 2825 980 2877 9.
1000 2822 1061 2877 illos
1085 2824 1119 2876 C:
1166 2869 1167 2922 p

266 2904 385 3032 1ῑιέἳὲεά,
408 2973 474 3028 istos
495 2974 529 3027 B.
630 2973 738 3028 cousios
759 2981 837 3045 putat
859 2975 886 3028 Ο.
993 2990 1118 3044 opserva-

268 3055 307 3110 tio
327 3071 387 3108 corr
406 3055 444 3108 A:
465 3053 615 3108 observatio
635 3071 668 3122 pr
687 3055 710 3107 Α
730 3059 755 3106 et
773 3054 829 3108 Bu.
874 3079 879 3094 =
929 3055 974 3108 10.
995 3052 1118 3124 explora-

269 3146 312 3190 tur
344 3150 405 3188 corr
433 3135 456 3187 A
482 3141 512 3200 ,et
540 3134 579 3186 B:
610 3133 767 3204 exploratur
786 3149 823 3202 pr
848 3133 887 3192 A.
920 3135 1062 3205 explorant
1090 3132 1116 3185 0.

349 3213 395 3272 19.
410 3218 627 3314 praetracteatur
650 3213 676 3265 C.
1166 3231 1167 3264 i
