2364 3802
254 537 316 602 nisi
337 537 504 602 Romanae
527 535 713 624 disciplinae
737 531 940 615 eoncessum,
964 533 1037 621 plus
1061 558 1111 600 re-

254 673 372 739 ponere
400 649 537 714 induce
561 671 657 736 quem
679 649 712 712 in
741 648 893 712 exercitu.
941 671 1036 712 omne
1061 670 1110 712 ro-

254 763 370 828 burin
392 761 517 848 pedite,
547 783 642 847 quem
671 782 767 847 super
789 783 877 824 erma
906 760 1112 826 ferramentis

255 897 382 962 quoque
412 884 444 938 et
473 873 574 960 copiis
598 882 747 938 onerant:
778 873 857 937 alios
887 872 927 937 ad
950 873 1111 959 proelium

255 988 300 1052 ire
322 985 441 1068 videas
466 983 599 1051 Chattos
623 985 664 1050 ad
688 985 817 1050 bellurn.
863 985 928 1048 reri
951 1001 1136 1049 excursusr

255 1109 287 1164 et
309 1099 441 1163 fortuite
461 1121 581 1184 pugna.
611 1097 806 1183 equestrium
831 1077 911 1162 sene
934 1095 1055 1160 virium
1078 1097 1111 1160 id

253 1209 432 1298 proprium,
458 1210 520 1274 cito
543 1232 657 1296 parare
678 1209 863 1290 victoriam,
888 1209 951 1273 cito
976 1208 1109 1274 cedere:

162 1301 165 1308 ⁴
256 1323 409 1388 velocitas
432 1322 522 1388 iuxta
543 1322 757 1401 formidinem,
782 1321 943 1386 cunetatio
958 1322 1110 1408 proprior
1152 1343 1153 1348 ¹

202 1443 238 1499 st
258 1435 455 1500 constantiae
479 1443 536 1499 est.
583 1445 615 1500 et
637 1434 706 1498 aliis
724 1432 959 1500 Germanorum
980 1434 1110 1519 populis

255 1557 440 1634 usurpatum
467 1569 540 1612 raro
571 1558 602 1611 et
624 1547 749 1633 privata
776 1545 928 1631 cuiusque
956 1544 1109 1609 audentia
1126 1559 1146 1607 ιο

256 1659 341 1746 apud
356 1657 489 1723 Chattos
512 1660 545 1722 in
568 1681 758 1740 eonsensum
779 1657 887 1738 vertit,
908 1667 944 1721 ut
966 1657 1109 1744 primum

256 1770 463 1850 adoleverint,
487 1770 608 1834 crinem
630 1769 827 1855 barbamque
843 1768 1033 1834 submittere
1048 1792 1108 1834 nee

255 1880 316 1946 nisi
338 1881 430 1945 hoste
454 1903 546 1946 caeso
571 1904 687 1947 exuere
702 1883 846 1946 votivum
865 1880 1110 1968 obligatumque

254 1993 364 2058 virtuti
387 1993 450 2058 oris
473 1992 626 2058 habitum.
650 2017 745 2082 super
766 1994 955 2080 sanguinem
978 2003 1011 2057 et
1035 2017 1108 2081 spo-

255 2106 298 2172 lie
319 2107 464 2171 revelent
477 2106 625 2187 frontem,
650 2129 747 2192 seque
770 2115 837 2170 tum
861 2105 988 2171 demum
1002 2105 1108 2192 pretia
1125 2121 1147 2169 15

254 2218 407 2284 nascendi
423 2218 583 2283 rettulisse
606 2217 785 2305 dignosque
808 2218 913 2304 patria
935 2240 973 2281 sc
994 2239 1108 2304 peren·
1154 2295 1155 2304 χ

254 2330 338 2395 tibus
354 2332 468 2395 ferunt.
503 2331 628 2417 ignavis
645 2339 677 2394 et
691 2330 872 2394 imbellibus
891 2338 999 2394 menet
1015 2352 1104 2415 squa-
1153 2347 1155 2430 4

255 2443 313 2507 lor.
356 2443 547 2506 fortissimus
571 2443 707 2528 quisque
723 2442 862 2506 ferreum
877 2441 1008 2528 insuper
1033 2463 1108 2505 anu-

253 2555 321 2620 lum
344 2553 613 2641 (ignominiesum
635 2552 668 2617 id
692 2551 801 2640 genti)
831 2553 920 2618 velut
933 2536 1109 2617 ¹vinculum

386 2831 398 2879 1
419 2824 514 2873 ratione

353 2897 378 2950 1.
398 2913 506 2959 romane
527 2896 560 2956 A.
582 2913 691 2950 romano
711 2895 745 2956 Β,
762 2895 810 2949 τῖε
833 2895 860 2949 0.
968 2893 995 2948 4.
1016 2893 1108 2948 hono·

254 2983 315 3030 rant
344 2977 370 3029 C.
470 2976 496 3029 5.
522 2976 627 3030 chattos
652 2975 715 3028 Be.-
746 2982 832 3028 cattos
853 2974 885 3028 Α.
991 2991 1052 3027 raro
1077 2974 1106 3026 C.

353 3055 380 3109 8.
399 3053 469 3109 iuste
488 3055 520 3109 A.
620 3054 748 3126 propiore
769 3052 804 3132 0.Ι
884 3053 930 3107 10.
959 3070 1019 3107 rero
1040 3053 1105 3106 Ac.-

253 3130 314 3224 reii
328 3170 361 3224 Β.
416 3169 461 3222 11.
475 3167 580 3223 chattos
593 3167 633 3222 B.-
647 3146 734 3222 datter
747 3167 775 3226 C.
791 3174 879 3221 cattos
890 3167 921 3220 Α.
978 3167 1024 3220 16.
1039 3127 1107 3222 irbr-

254 3248 333 3302 cendi
354 3249 387 3308 B,
409 3247 540 3304 noscendi
559 3247 614 3302 AC.
713 3245 837 3301 retulisse
856 3247 925 3300 libri.
