2380 3804
544 338 762 402 ...36-

230 525 299 582 tera
321 513 477 580 maximus
499 523 592 596 natu,
622 514 679 580 sed
706 521 801 601 prout
823 513 915 578 ferox
938 513 1022 578 bello
1047 523 1081 578 et

230 628 351 694 melior.

173 756 214 813 33
298 741 388 804 iuxta
404 740 581 806 Tencteros
596 739 744 804 Bructeri
762 738 839 802 clim
855 736 1078 804 occurrebant:
1183 737 1184 768 l

230 833 315 918 nunc
328 850 507 918 Chamavos
519 861 552 917 et
563 849 775 938 Angrivarios
790 849 993 937 immigrasse
1008 873 1082 916 nar-

230 973 328 1045 ratm,
351 964 451 1050 pulsis
465 953 630 1028 Bructeris
653 985 690 1028 ac
712 963 840 1051 penitus
864 962 980 1028 excisis
1001 962 1080 1028 vici·
1102 981 1119 1027 5

230 1099 343 1141 narum
366 1098 523 1140 consensu
537 1075 719 1158 nationum,
743 1097 799 1140 seu
815 1075 983 1162 superbiae
1005 1075 1082 1140 odio

231 1213 288 1256 scu
308 1188 447 1277 praedae
471 1187 638 1252 dulcedine
661 1209 718 1252 seu
739 1187 851 1252 favore
872 1187 1013 1273 quodam
1034 1209 1084 1252 er·

134 1301 137 1307 ’
233 1324 275 1389 ga
304 1324 363 1365 nos
393 1301 533 1365 deorum.
579 1322 654 1365 nam
681 1321 723 1364 nc
745 1299 927 1386 spectaculo
951 1298 1085 1386 quidem

231 1413 344 1502 proelii
372 1412 524 1477 invidere.
576 1434 672 1498 super
698 1411 870 1500 sexaginta
898 1410 986 1476 milia
1014 1433 1085 1476 non
1183 1447 1184 1480 1

232 1525 328 1590 armis
356 1524 492 1610 telisque
517 1523 688 1605 Romanis,
717 1523 791 1605 sed,
819 1523 906 1610 quod
934 1523 1083 1610 magnifi·
1106 1541 1139 1588 10

232 1636 354 1702 centius
377 1646 440 1716 est,
471 1635 677 1701 oblectationi
700 1636 864 1722 oculisque
887 1635 1083 1701 ccciderrmt.

232 1758 377 1827 mancat,
416 1769 551 1833 quaeso,
581 1747 735 1834 duretque
764 1748 930 1836 gentibus,
960 1747 988 1812 si
1015 1770 1085 1812 non

148 1902 152 1910 ,
233 1881 322 1924 amor
344 1858 461 1940 nostri,
491 1867 633 1924 atcerte
656 1858 765 1924 odium
787 1860 851 1942 sui,
879 1859 1007 1948 qnando
1030 1882 1085 1924 ur-
1182 1883 1183 1888 ¹

233 1971 382 2059 gentibus
405 1970 530 2058 imperii
551 1970 625 2036 fatis
647 1971 728 2036 nihil
745 1971 810 2038 iam
823 1983 987 2060 praestare
1002 1971 1084 2036 For-

232 2093 310 2149 tuna
332 2083 433 2149 maius
455 2093 563 2171 potest
585 2107 681 2170 quam
702 2084 842 2150 hostium
865 2084 1068 2150 discordiam.
1107 2101 1141 2149 15

175 2203 216 2260 34
267 2233 269 2242 ‚
300 2194 512 2282 Angrivarios
533 2204 565 2262 ct
581 2193 761 2262 Chamavos
783 2221 804 2262 a
826 2207 918 2285 tergo
934 2197 1086 2284 Dulgub-

314 2393 340 2446 3.
365 2391 436 2446 iusta
460 2390 491 2444 A.
584 2355 739 2449 thencteros
764 2394 791 2448 C.
890 2393 917 2448 4.
937 2395 1085 2450 chamanos
1181 2425 1182 2430 =

234 2506 296 2560 BC:
327 2507 472 2560 chamsncs
497 2505 536 2564 Α,
569 2490 691 2561 chamaiii
711 2525 800 2576 margo
825 2508 858 2562 Α.
957 2508 1087 2580 angriua-

233 2621 289 2677 rics
309 2620 348 2674 B:
370 2604 539 2692 nngriliarics
560 2619 600 2678 A,
621 2619 794 2691 sanguinarios
817 2620 860 2676 C?
959 2623 986 2677 5.
1004 2624 1088 2678 bruc·
1181 2620 1182 2664 i

1181 2668 1182 2698 l

234 2752 309 2808 aas
329 2753 362 2806 s.
462 2753 487 2805 s.
508 2714 583 2805 mdia
602 2751 641 2810 A.
656 2751 741 2806 mura
754 2753 826 2810 nc?
926 2755 973 2809 13.
986 2773 1087 2828 urgen-

234 2833 307 2888 tibus
328 2833 439 2902 inpressi
463 2849 513 2885 mm
536 2832 611 2885 nutu:
636 2833 792 2903 urgentibus
819 2833 872 2890 iam
892 2835 942 2890 ΑΒ
949 2877 958 2896 ,
985 2835 1014 2890 in
1040 2855 1087 2890 ur-

125 2913 127 2918 ’
234 2911 360 2985 gentibus
376 2912 403 2965 G.
504 2910 749 2968 laniandae.
849 2915 894 2969 16.
914 2915 1085 2986 angriuarios

235 2993 274 3046 Β.·
301 2989 470 3062 angrinarios
496 2991 536 3049 A,
563 2991 717 3063 angiuarics
748 2993 774 3047 C.
873 2995 1017 3049 chnmsuos
1042 2996 1085 3049 Β.·

236 3071 381 3127 chnmsncs
406 3071 444 3130 Α,
475 3070 641 3126 chammatcs
669 3072 695 3146 C.
795 3071 945 3145 Dulgubnii
975 3075 1086 3130 lacobus

647 3148 825 3214 ldulgicnbini
1180 3165 1181 3168 ’

237 3221 388 3276 camara:
409 3219 573 3294 dulgitubini
592 3222 630 3281 A.
672 3222 806 3294 dulgibini
825 3223 867 3284 n,
897 3223 1031 3296 dulgibini
1054 3225 1087 3282 c.
