2364 3802
357 291 595 402 441-

49 513 165 578 donec
190 514 357 580 occasione
376 515 554 582 discordiae
576 527 705 582 nostrae
722 526 754 583 et
770 518 910 583 civilium

50 649 223 693 armorum
246 630 437 716 expugnatis
464 630 628 717 legionum
649 629 791 695 hibernis
815 631 911 696 etiam

53 738 187 807 Gallias
211 741 417 826 affectavere3
445 766 483 808 ao
505 765 613 808 rursus
635 743 710 808 inde
732 742 816 830 pul'si
838 766 910 830 pro·

52 852 158 916 xlmis
180 854 375 941 temporibus
398 854 584 943 triumphati
606 855 709 941 magis
733 879 829 942 quam
846 855 911 920 vio-

17 964 83 1032 sti
109 974 192 1032 sunt.

16 1093 35 1151 s
131 1100 217 1142 nuno
240 1077 280 1142 de
295 1075 411 1144 Suebis
427 1077 596 1144 dicendum
612 1089 670 1162 est,
695 1102 910 1167 quorum‘non

54 1213 136 1272 una,
156 1200 195 1255 'ut
211 1188 400 1256 Chattorum
422 1191 703 1274 Tencterorumve,
726 1214 822 1279 gens:
845 1212 912 1257 mas

29 1335 33 1347 ·
56 1303 163 1368 iorem
187 1303 273 1368 enim
296 1301 489 1370 Germaniae
511 1315 636 1392 partem
660 1304 814 1393 optinent,
838 1327 912 1392 pro·

57 1414 142 1502 priis
165 1415 268 1480 adhuc
288 1414 474 1481 ¹nationibus
496 1417 742 1505 nominibusque
770 1416 909 1508 discreti,

16 1545 38 1592 ιο
61 1549 259 1614 quamquam
280 1528 316 1592 in
337 1551 505 1594 commune
530 1526 633 1594 Suebi
654 1539 819 1594 vocentur.
864 1528 912 1592 in·

61 1640 157 1726 signe
180 1639 286 1726 gentis
316 1641 482 1726 obliquare
510 1640 632 1706 crinem
660 1642 809 1728 nodoque
840 1642 913 1706 sub-

62 1751 233 1838 stringere.
280 1752 327 1842 sio
349 1751 448 1818 Suebi
472 1777 491 1817 a
514 1753 627 1819 ceteris
652 1752 841 1836 Germanis,
866 1753 913 1818 sie

62 1861 245 1931 Sueborum
260 1863 391 1951 ingenui
408 1889 427 1929 a
442 1865 542 1930 servis
559 1877 755 1953 separantur.
793 1866 827 1930 in
842 1865 913 1930 aliia

63 1975 223 2062 gentibue,
248 1998 304 2040 seu
320 1977 511 2062 cognatione
527 1976 635 2064 aliqua
650 1976 830 2043 Sueborum
844 1999 911 2058 sen,

17 2102 44 2148 15
65 2086 153 2172 quod
175 2109 271 2174 saepe
288 2087 413 2171 accidit,
440 2088 628 2170 imitatione,
651 2111 759 2153 rarum
773 2097 807 2152 'et
828 2088 913 2152 intra

66 2197 213 2264 iuventae
237 2200 391 2287 spatium,
422 2200 507 2288 apud
528 2197 652 2266 Suebos
675 2223 775 2288 usque
799 2199 840 2264 ad
862 2223 913 2264 oa-

30 2319 33 2327 '
63 2310 192 2392 nitiem,
221 2311 405 2378 horrentem
434 2312 583 2400 capillum
613 2321 699 2377 retro
722 2321 911 2398 sequuntur:

164 2641 191 2694 3.
211 2658 244 2694 ae
264 2660 352 2696 rursus
373 2643 436 2698 inde
457 2641 528 2714 pulsi
547 2641 577 2696 in
596 2639 725 2713 proximis
745 2641 783 2698 A.
804 2655 837 2693 ae
857 2657 914 2694 rur·

65 2810 110 2846 sus
145 2721 303 2862 pulsiiibilli
320 2791 451 2864 proximis
471 2793 511 2852 Β,
533 2809 565 2846 ae
586 2799 614 2846 et
627 2787 731 2862 expulsi
745 2789 809 2844 inde
822 2788 914 2860 prori-

65 2871 116 2925 mis
139 2867 168 2960 c'.
267 2873 293 2927 6.
313 2872 402 2928 aucuia
422 2871 501 2926 ΑΒΘ.
602 2871 647 2923 10.
672 2887 833 2942 quamquam
853 2869 915 2946 BC:

65 2963 221 3058 quantula
340 2985 415 3040 sueui
442 2986 522 3039 Aac.
642 2985 688 3038 12.
723 2982 798 3038 sueni
834 2982 914 3036 ABG.

165 3069 212 3122 13.
232 3066 277 3119 14.
297 3083 440 3120 suenorum
460 3065 552 3140 ABG„
640 3064 687 3124 17.
706 3071 778 3117 retro
798 3079 912 3132 sequun-

66 3157 109 3202 tur
127 3148 189 3214 ΑΒ,
215 3153 288 3199 retro
312 3155 470 3216 sequentem
492 3145 520 3199 0.
532 3146 650 3214 sortasse
669 3149 802 3197 retrosum
821 3147 915 3213 agunt.

66 3228 243 3280 Laelmonmre
267 3232 416 3280 recurvant.
