2364 3802
403 381 624 444 -37-

79 555 132 619 nii
157 565 190 620 et
206 553 373 621 Chasuarii
396 557 528 622 cludunt
549 557 694 644 aliaeque
717 566 830 645 gentes
853 558 938 624 haud

80 667 221 755 perinde
244 679 454 752 memoratae,
479 695 497 736 a
520 671 624 735 fronte
645 669 743 735 Frisii
764 670 936 756 excipiunt.

83 779 261 846 maioribus
284 781 522 868 minoribusque
542 782 654 847 Frisiis
675 783 866 848 vocabulum
889 793 939 848 est

84 916 129 957 ex
152 895 248 958 modo
265 894 389 959 virium.
427 903 580 981 utraeque
603 895 749 960 nationes
771 918 872 981 usque
896 894 938 960 ad

46 1025 62 1073 5
85 1006 256 1072 Oceanum
270 1007 384 1072 Rheno
408 1016 636 1093 praetexuntur
658 1007 864 1094 ambiuntque
879 990 936 1071 ini·

83 1140 215 1184 mensos
238 1119 368 1207 insuper
390 1120 478 1184 lacus
494 1128 527 1184 et
541 1119 697 1184 Romanis
713 1119 866 1184 classibus
880 1142 935 1184 na·

82 1232 223 1318 vigatos.
260 1231 364 1319 ipsum
380 1231 457 1318 quin
475 1231 571 1296 etiam
586 1229 752 1297 Oceanum
766 1231 821 1295 illa
835 1240 935 1318 temp·

81 1342 237 1409 tavimus:
268 1352 301 1408 et
329 1366 496 1431 superesse
519 1343 621 1407 adhuc
644 1341 795 1408 Herculis
816 1343 935 1406 colum-

83 1479 144 1520 nas
178 1455 263 1520 fama
289 1456 451 1543 volgavit,
489 1455 556 1522 sive
586 1455 664 1520 adiit
692 1447 849 1519 Hercules
878 1477 935 1519 seu

28 1582 65 1630 10
86 1567 242 1654 quidquid
263 1569 381 1655 ubique
404 1567 610 1655 magnificum
633 1577 681 1632 est
702 1567 736 1632 in
757 1566 935 1632 claritatem

85 1681 155 1745 eius
177 1681 296 1746 referre
320 1681 548 1746 consensimus.
582 1703 642 1745 nec
667 1679 769 1746 defuit
785 1678 935 1744 audentia

84 1791 194 1858 Druso
218 1791 427 1858 Germanico:
451 1793 509 1858 sed
532 1791 656 1858 obstitit
672 1791 821 1859 Oceanus
843 1791 877 1855 in
900 1815 935 1856 se

87 1905 180 1970 simul
203 1915 299 1992 atque
321 1905 355 1968 in
378 1904 554 1970 Herculem
575 1903 703 1992 inquiri.
741 1928 818 1970 mox
840 1927 934 1970 nemo

86 2017 269 2104 temptavit,
305 2016 509 2102 sanctiusque
542 2040 579 2080 ae
607 2015 803 2081 reverentius
831 2017 934 2081 visum

33 2147 68 2194 15
90 2129 128 2194 de
150 2129 228 2194 actis
251 2128 384 2193 deorum
407 2128 536 2193 credere
558 2150 655 2213 quam
677 2127 768 2193 scire.

21 2246 68 2304 ³5
153 2241 305 2306 hactenus
333 2241 367 2304 in
391 2240 591 2305 occidentem
614 2237 823 2305 Germaniam
844 2239 934 2304 novi·

86 2375 166 2418 mus.
223 2353 257 2417 in
290 2352 540 2440 septentrionem
573 2351 697 2439 ingenti
726 2351 812 2416 flexu
840 2351 932 2416 redit.

85 2488 124 2530 ac
145 2464 249 2552 primo
273 2465 380 2530 statim
402 2461 603 2529 Chaucorum
627 2486 716 2552 gens,
740 2486 934 2551 quamquam

185 2750 211 2803 1.
249 2747 389 2804 Chasuarii
421 2751 534 2820 inpressi
562 2767 614 2802 aon
642 2749 718 2801 anui:
754 2745 864 2802 usuarii
893 2747 932 2808 Α,

83 2863 215 2918 trauan
234 2863 274 2922 a,
296 2863 443 2918 occasun
466 2861 509 2917 c?
608 2862 720 2916 cludunt
739 2861 799 2916 ac.-
822 2845 937 2918 utrun-

83 2941 117 2997 A.
216 2944 243 2998 2.
262 2942 331 2998 frisii
351 2943 388 2996 B:
409 2942 478 3013 frisii¹
507 2943 545 3000 Α,
571 2941 647 2996 frisci
674 2942 702 2997 C.
802 2943 828 2996 3.
849 2941 932 3012 frisiis

83 3025 125 3082 A,
152 3022 225 3076 frisia
249 3024 287 3076 B:
313 3021 406 3096 sriecis
440 3023 467 3076 C.
571 3022 596 3075 7.
623 3021 765 3075 tetauimus
794 3018 932 3084 ΜΒΝ)

185 3103 212 3156 9.
236 3101 356 3172 uolgauit
383 3103 443 3157 BC.-
470 3098 588 3172 vulgavit
607 3102 639 3154 Α.
738 3101 783 3154 10.
809 3100 932 3172 magnili-

84 3199 146 3236 cum
166 3183 225 3236 AC:
246 3201 371 3252 magnum
391 3199 479 3249 mereo
499 3183 532 3240 Α,
554 3199 667 3250 magnus
689 3179 720 3234 Β.
807 3181 851 3236 14.
871 3188 932 3234 ten·

84 3261 153 3316 teuit
172 3260 319 3323 A(BC?).
413 3261 459 3315 18.
477 3261 638 3316 chaucorum
657 3260 717 3313 BC:
739 3277 881 3315 caucornm
900 3259 942 3312 A.-
