2364 3802
514 338 699 416 z-‚ra
744 375 788 384 -

252 516 322 584 viro
345 516 447 580 affert.
484 516 546 580 hoc
569 515 744 582 maximum
765 514 937 595 vinculum,
960 513 1043 578 haee
1058 535 1109 576 ar-

253 651 334 694 cana
362 649 470 710 sacra,
499 628 558 691 hos
587 627 772 714 coniugales
796 626 874 692 deos
897 625 1107 690 arbitrantur.

252 763 293 806 ne
323 764 358 807 se
384 739 499 804 mulier
526 749 618 804 extra
638 740 799 804 virtutum'
815 737 1029 825 cogitationes
1054 760 1111 802 ex-

252 965 449 1030 matrimonii
475 964 626 1054 auspiciis
654 963 844 1028 admonetur
871 962 981 1028 venire
1005 962 1143 1032 sela-5

251 1078 369 1143 borum
392 1077 670 1164 periculorumque
692 1075 829 1157 sociam,
850 1074 938 1140 idem
959 1073 994 1136 in
1015 1096 1111 1159 pace,

252 1188 340 1254 idem
367 1190 402 1254 in
428 1189 552 1276 proelio
580 1211 747 1276 passuram
775 1209 996 1272 ausuramque.
1046 1184 1113 1249 hoc

254 1301 355 1366 iuncti
376 1301 488 1383 boves,
511 1301 573 1366 hoc
595 1310 725 1387 paratus
749 1323 860 1386 equus,
875 1299 945 1391 *lhoc
967 1298 1043 1362 data
1061 1321 1112 1363 ar-

253 1435 307 1480 ma
328 1412 526 1479 denuntiant.
564 1413 610 1478 sic
625 1411 808 1493 vivendum,
832 1411 878 1476 sic
892 1410 1112 1498 pereundum3

253 1525 399 1612 accipere
434 1548 469 1590 se
504 1548 587 1613 quae
620 1525 729 1590 liberis
757 1522 912 1604 inviolata
940 1546 979 1587 ac
1007 1522 1111 1609 digna
1131 1533 1154 1580 10

253 1636 377 1719 reddat,
400 1659 484 1724 quae
505 1659 603 1712 nurus
626 1635 787 1724 accipiant
808 1657 980 1722 rursusque
996 1635 1037 1699 ad
1054 1657 1111 1699 ne-

254 1759 347 1835 potes
369 1748 559 1814 referantur.
761 1819 763 1826 s

197 1864 235 1921 19
321 1881 400 1945 ergo
423 1869 534 1946 saepta
556 1859 711 1946 pudicitia
733 1869 844 1948 egeant,
866 1859 961 1924 nullis
985 1867 1111 1946 specta-

255 1972 399 2038 culorum
427 1970 603 2054 illecebris,
631 1972 728 2038 nullis
756 1971 977 2036 conviviorum
1004 1969 1109 2034 irrita-

177 2108 181 2113 ’
254 2085 395 2150 tionibus
419 2094 598 2172 corruptae.
634 2084 813 2151 litterarum
836 2093 958 2148 secreta
975 2082 1038 2148 vin'
1050 2105 1109 2168 pa·
1130 2093 1157 2140 1⁵

255 2199 334 2264 riter
355 2220 394 2262 ac
416 2197 555 2264 feminae
577 2197 738 2284 ignorant.
776 2195 970 2284 paucissima
992 2194 1027 2258 in
1041 2204 1109 2259 tam

255 2330 431 2380 numerosa
439 2319 537 2396 gente
552 2309 719 2375 adulteria.
746 2331 884 2396 quorum
898 2330 1003 2395 poena
1018 2331 1107 2395 prae
1169 2335 1170 2338 ¹

255 2441 331 2485 sens
357 2430 390 2486 et
418 2421 542 2486 maritis
569 2422 740 2509 permissa:
787 2419 920 2486 abscisis
956 2419 1109 2502 crinibus,
1169 2501 1170 2512 ἵ

256 2531 419 2615 nudatam,
443 2553 553 2598 coram
574 2531 764 2620 propinquis
785 2530 917 2619 expellit
932 2531 1028 2597 domo
1044 2555 1111 2596 ma·

255 2643 337 2710 riuus
359 2665 397 2709 ao
419 2665 477 2730 per
500 2666 628 2710 omnem
650 2644 758 2710 vicum
780 2645 915 2710 verbere
938 2643 1016 2731 agit.
1053 2667 1111 2732 pu·
1130 2649 1170 2710 rol

338 2946 364 3000 1.
394 2948 446 3002 hoc
477 2948 540 3002 AB:
574 2949 626 3004 hec
661 2950 688 3004 C.
798 2949 825 3002 4.
856 2947 1049 3019 incipientibus
1080 2948 1113 3000 A.

336 3062 363 3117 9.
394 3065 562 3133 pereundum
588 3063 626 3117 A:
656 3043 788 3132 biendum
821 3063 855 3121 C.
887 3061 1049 3132 pariendum
1080 3062 1112 3115 B.

337 3141 383 3195 11.
404 3144 521 3197 reddant
543 3144 565 3196 0
584 3151 600 3204 (
603 3143 628 3196 Β
638 3140 682 3205 3²).
784 3142 831 3196 18.
849 3141 965 3196 abscisis
985 3141 1046 3200 libri
1066 3158 1115 3194 noa

257 3219 448 3275 enitescetis
469 3223 525 3281 Ae,
547 3221 648 3276 adcisis
669 3221 704 3274 Β.
805 3220 851 3274 20.
871 3238 903 3274 ac
922 3222 1011 3290 usone
1034 3221 1062 3274 0.
