2364 3802
367 373 409 383 ...
455 335 584 400 53'-

16 519 18 524 ’
45 523 177 602 petunt.
223 535 281 578 nec
311 512 396 578 aliud
421 513 597 578 ¹infantibus
625 513 762 579 ferarum
792 513 897 578 imbri-

45 649 173 714 umque
197 626 368 714 suffugium
385 650 480 713 quam
502 636 537 692 ut
559 626 593 690 in
608 627 715 714 aliquo
738 649 899 692 ramorum
924 690 927 694 .

50 763 143 804 nexu
166 747 386 826 contegantur.
431 739 493 804 huc
515 730 649 805 redeunt
671 741 812 822 iuvenes,
839 739 900 805 hoc

52 875 169 918 senum
192 853 436 940 receptaculum.
483 853 539 918 sed
561 855 683 920 beatius
708 853 900 919 arbitrantur

14 981 156 1052 equam
195 965 357 1052 ingemere
391 965 493 1052 agric,
528 966 709 1032 inlaborare
744 965 899 1046 domibus,

53 1102 140 1142 suasi
155 1077 337 1164 alienasque
361 1078 503 1144 fortunas
527 1103 583 1167 spe
598 1090 748 1166 metuque
763 1101 900 1143 vereare.

53 1189 162 1256 securi
185 1190 335 1255 adversus
350 1191 504 1275 homines,
529 1191 797 1258 securi'adversus
813 1190 900 1272 deos,
926 1264 927 1269 η

51 1327 125 1368 rem
151 1302 367 1368 difficillimam
383 1305 518 1372 assecuti
535 1315 616 1386 sunt,
640 1314 677 1370 ut
692 1304 753 1368 illie
769 1326 810 1368 ne
825 1311 900 1367 voto

53 1415 188 1502 quidem
210 1439 289 1504 opus
306 1426 398 1482 esset.
434 1427 539 1483 cetera
561 1418 625 1482 iam
640 1417 802 1482 fabulosa:
825 1415 902 1480 Hel·

14 1553 33 1600 o
54 1529 157 1593 lueios
174 1539 205 1593 et
220 1527 365 1595 Oxionas
382 1553 438 1595 ora
455 1529 618 1594 hominum
632 1530 810 1616 voltusque,
835 1551 902 1592 cor·

53 1665 139 1728 pora
168 1651 262 1728 atque
290 1652 376 1706 artus
399 1643 537 1707 ferarum
565 1664 686 1729 gerere.
733 1642 818 1729 quod
841 1664 901 1728 ego

54 1763 93 1817 ut
116 1754 348 1841 incompertum
371 1754 403 1818 in
426 1755 564 1821 medium
586 1755 773 1843 relinquam.

161 1973 185 2024 1.
213 1970 418 2042 hymbriumque
439 1973 494 2026 BC.
606 1973 631 2026 3.
659 1948 712 2026 hbe
734 1991 828 2026 senum
852 1973 883 2025 A.

159 2051 184 2106 5.
198 2050 341 2183 illabolrare
355 2052 410 2105 Bc,
465 2053 496 2119 Δ8.
511 2048 701 2105 difficillimam
717 2053 749 2105 C:
764 2049 903 2106 difficilem

298 2131 391 2178 orionas
872 2141 875 2148 ¹

59 2204 116 2256 AB.
214 2203 258 2255 10.
278 2201 390 2256 orionas
411 2199 472 2260 ΑΒ,
501 2200 610 2256 orionas
634 2201 660 2254 C.
730 2167 903 2270 =uoltusque

60 2285 97 2336 B:
117 2283 259 2353 uultusque
273 2282 310 2340 A>
332 2283 455 2352 ultusque
472 2282 499 2334 C.
566 2287 568 2294 '
588 2289 616 2334 et
636 2297 748 2351 corpora
762 2277 832 2332 BC?
