2364 3802
383 339 605 406 ..13...

62 515 197 582 modum
231 515 377 584 liburnae
410 516 584 605 figuratim
621 519 718 586 docet
751 519 920 586 advectam

65 628 269 715 religionem.
312 638 454 696 catarum
481 653 543 696 nee
571 630 722 698 cohibere
745 632 920 718 parietibus
972 641 975 648 '

65 740 146 806 deos
167 763 274 828 neque
297 741 331 806 in
352 741 452 808 ullam
474 742 605 808 humani
627 744 692 808 oris
715 744 856 832 speciem
871 769 920 810 as·

67 853 218 918 simulare
247 876 288 918 ex
316 854 536 941 magnitudine
560 854 745 922 caelestium
765 856 920 922 arbitran-

30 974 137 1032 stur:
166 965 256 1032 lucos
283 989 321 1032 ac
349 989 483 1032 nemora
511 977 701 1034 consecrant
723 968 920 1056 deorumque

66 1076 251 1142 nominibus
274 1079 437 1166 appellant
458 1088 617 1146 secretum
637 1079 717 1146 illud
744 1080 831 1169 quod
851 1082 920 1148 sola

65 1190 248 1256 reverentia
270 1190 391 1258 vident.

11 1309 49 1365 1⁰
138 1302 280 1390 auspicia
308 1313 474 1390 sortesque
501 1314 537 1369 ut
564 1305 620 1391 qui
649 1306 788 1372 maxime
812 1307 920 1372 obser·

68 1425 156 1480 vent.
208 1414 342 1481 sortium
371 1417 566 1482 consuetudo
598 1417 744 1506 simplex.
792 1420 921 1506 virgam

16 1543 49 1594 ιο
68 1527 243 1614 frugiferae
277 1528 385 1593 arbori
417 1528 557 1594 decisam
580 1530 614 1594 in
637 1532 780 1596 surculos
811 1554 920 1619 ampu-

67 1647 138 1704 tant
167 1661 287 1726 eosque
316 1639 401 1706 notis
432 1640 623 1728 quibusdam
646 1643 801 1710 discretos
824 1667 921 1731 super

68 1733 385 1820 eandidam'vestem
407 1762 526 1820 temere
549 1779 587 1820 ac
605 1755 737 1820 fortuito
753 1765 919 1844 spargunt.

68 1885 156 1948 mox,
181 1864 208 1928 si
229 1865 358 1969 publice
381 1866 573 1950 consuletur,
597 1868 746 1934 sacerdos
770 1867 919 1952 civitatis,

71 1976 122 2040 sin
155 1977 322 2064 privatim,
356 1977 425 2065 ipse
458 1989 551 2065 pater
579 1980 735 2061 familiae,
770 1992 919 2068 precatus

22 2101 53 2149 15
73 2088 150 2152 deos
179 2089 367 2176 caelumque
397 2091 589 2178 suspiciens,
620 2102 669 2156 ter
692 2092 836 2179 singulos
859 2092 920 2157 tol·

71 2201 121 2283 lit,
144 2203 284 2268 sublatos
308 2202 483 2270 secundum
504 2203 691 2290 impressam
713 2213 788 2270 ante
811 2214 922 2270 notam

69 2313 307 2400 interpretatur.
354 2315 381 2381 si
408 2315 655 2402 prohibuerunt,
684 2315 773 2380 nulla
802 2315 842 2382 de
872 2339 923 2382 eo·

71 2426 145 2492 dem
167 2449 202 2492 re
225 2427 259 2491 in
282 2427 418 2494 eundern
441 2427 525 2492 diem
548 2427 756 2512 consultati03
780 2428 830 2492 sin
851 2451 923 2516 per·

72 2539 217 2620 missum,
240 2539 456 2626 auspiciorum
479 2539 582 2606 adhuc
604 2539 683 2605 fides
700 2540 850 2627 exigitur.
892 2552 924 2607 et

21 2661 53 2708 20
71 2650 153 2715 illud
181 2651 311 2754 quidem
339 2651 436 2717 etiam
463 2651 517 2717 hic
539 2662 665 2734 notum,
696 2652 803 2717 avium
825 2675 923 2718 voces

70 2761 263 2851 volatusque
278 2764 487 2852 interrogare.
525 2765 690 2852 proprium
706 2765 810 2852 gentis
827 2788 923 2852 equo-

153 2981 180 3036 8.
200 2988 362 3036 conservant
385 2980 411 3035 C.
474 2981 501 3034 9.
520 2988 563 3034 est
582 2979 696 3052 simplex
719 2982 746 3035 Ο.
804 2983 848 3036 13.
870 2999 924 3036 uox

71 3059 116 3116 sin
138 3060 167 3114 0.
256 3060 404 3116 consulitur
430 3060 562 3114 Walcdiss.
643 3061 689 3115 15.
708 3061 873 3132 supplieiens
897 3062 946 3122 0.,

72 3187 76 3192 .
174 3140 220 3194 17.
253 3139 508 3212 interpretationem
540 3141 568 3194 C.
673 3140 848 3211 prohibuerat
881 3138 925 3194 0?

173 3221 221 3275 21.
240 3236 370 3292 equorum
390 3237 497 3292 quoque
515 3219 579 3274 AB:
599 3237 779 3292 equorumque
802 3221 830 3274 C.
