2364 3802
568 311 783 376 ..4..x

245 493 312 561 nali
340 491 471 558 Oceano
500 490 661 555 miscetur.
718 487 904 580 Danuvius,
939 484 1028 550 molli
1063 494 1096 550 et

247 607 419 672 elementer
442 602 526 668 edito
550 603 668 668 montis
683 599 842 666 Abnobae
865 598 942 686 iugo
965 598 1095 678 effusus,

246 717 346 807 pluris
368 715 503 806 populos
526 715 609 797 adit,
633 713 736 778 donee
759 713 792 776 in
814 710 986 776 Ponticum
1008 731 1097 774 mare

247 852 306 896 sex
319 829 476 894 meatibus
492 836 652 914 erumpat:
676 825 846 912 septimum
869 846 905 888 os
928 823 1097 910 paludibus

248 943 400 1008 hauritur.
701 1007 704 1018 ¹
1136 949 1152 996 5

211 1063 232 1118 2
315 1048 401 1135 ipsos
425 1047 606 1114 Germanos
634 1048 800 1137 indigenas
824 1047 1013 1113 crediderim
1041 1046 1099 1112 mi-

248 1160 398 1247 nimeque
426 1162 560 1226 aliarum
588 1162 731 1249 gentium
759 1161 948 1226 adventibus
972 1170 1005 1225 et
1026 1159 1099 1224 hos·

208 1271 216 1286 ⁹
248 1273 336 1361 pitiis
364 1275 498 1356 mixtos,
530 1275 605 1360 quia
632 1297 693 1338 nee
721 1285 807 1337 terra
836 1273 913 1338 olim
939 1271 996 1338 sed
1020 1273 1100 1336 elas-

250 1386 337 1451 sibus
361 1385 600 1452 advehebantur
622 1386 677 1472 qui
700 1395 824 1451 mutare
852 1385 944 1450 sedes
968 1407 1100 1472 quaere·

250 1499 330 1563 bant
363 1508 395 1563 et
427 1499 600 1564 immensus
629 1498 713 1562 ultra
745 1508 844 1584 utque
880 1497 927 1562 sie
963 1498 1100 1563 dixerim
1119 1516 1151 1563 10

251 1609 404 1676 adversus
427 1610 576 1677 Oceanus
599 1609 680 1674 raris
709 1611 749 1675 ab
774 1611 851 1675 orbe
873 1620 984 1675 nostro
1011 1610 1101 1675 navi·

251 1723 311 1788 bus
345 1723 458 1788 aditur.
515 1722 588 1808 quis
615 1744 729 1808 porro,
764 1732 891 1808 praeter
924 1722 1102 1810 periculum

251 1835 372 1899 horridi
400 1844 432 1899 et
459 1835 562 1922 ignoti
585 1833 698 1913 maris,
726 1833 807 1898 Asia
835 1844 889 1900 aut
911 1834 1024 1900 Africa
1047 1844 1103 1900 aut
1173 1889 1174 1904 2

251 1946 347 2012 Italia
379 1947 490 2011 relicta
524 1945 732 2014 Germaniam
759 1955 897 2033 peteret,
932 1947 1103 2012 informem

252 2059 363 2141 terris,
393 2083 538 2146 asperam
560 2060 666 2140 eaelo,
695 2059 819 2124 tristem
842 2061 929 2126 cultu
958 2069 1102 2147 aspectu·
1122 2079 1154 2126 15

254 2194 327 2259 que,
349 2171 460 2237 nisisi
483 2171 587 2260 patria
610 2171 675 2236 sit?

256 2329 259 2332 -
321 2285 485 2350 eelebrent
506 2283 698 2350 carminibus
722 2283 873 2370 antiquis,
897 2283 984 2371 quod
1005 2307 1105 2349 unum

153 2436 158 2445 ·
256 2395 340 2482 apud
367 2397 439 2462 illos
467 2396 639 2462 memoriae
669 2405 701 2461 et
723 2396 885 2460 annalium
913 2419 1016 2484 genus
1046 2407 1105 2479 est,

260 2731 263 2737 ι
338 2695 364 2748 1.
376 2694 508 2748 danubius
520 2693 625 2757 A(B?).
719 2695 746 2750 2.
757 2695 889 2750 Abnobae
900 2695 1049 2749 Ruaanun
1064 2714 1109 2748 ar·

258 2775 329 2838 noba
345 2781 370 2828 et
383 2775 411 2826 in
425 2775 537 2843 maraine
551 2777 669 2830 arbonae
681 2775 715 2834 B,
739 2776 840 2838 arbone
860 2777 893 2834 A.
915 2777 1017 2830 arbone
1037 2782 1062 2827 et
1080 2776 1110 2828 in

258 2871 371 2939 mareiae
390 2888 468 2926 mons
494 2865 601 2925 a²²bona
625 2872 652 2926 C.
751 2873 778 2924 3.
794 2871 883 2942 plures
897 2873 924 2925 0.
1027 2857 1110 2926 ubs-
1170 2941 1171 2951 ἵ

258 2948 377 3023 pieiisA,
400 2949 508 3022 ospitiis
522 2950 548 3004 C.
642 2951 668 3005 8.
679 2950 772 3004 mistos
783 2953 813 3004 A.
913 2950 957 3004 13.
978 2967 994 3020 e
1019 2952 1110 3006 horri-
1170 2953 1171 3012 ἶ

259 3029 329 3084 dia
404 3029 656 3100 ‹14.germaniaC.
747 3025 893 3100 peteftta.
995 3032 1039 3085 16.
1054 3031 1111 3086 nisi
1170 3029 1171 3076 i

260 3105 301 3178 (ιιί
323 3109 356 3178 ο)
377 3109 399 3163 si
414 3110 476 3164 ne.-
494 3109 554 3177 niu,
573 3109 620 3162 aa
635 3108 703 3162 ani
717 3108 740 3163 si
754 3108 971 3179 aaesaamsa,
994 3112 1025 3165 a

261 3189 309 3243 17.
331 3189 481 3254 celebratur
504 3190 531 3244 C.
