2364 3802
416 383 615 450 ..5.-

91 558 293 642 Tuistonem,
317 560 412 626 deum
427 569 513 626 terra
528 561 659 644 editum,
684 572 716 627 et
737 563 837 628 filium
852 562 942 630 Man·
962 605 965 613 ·

90 695 169 737 num
201 671 359 759 originem
386 673 492 760 gentis
521 673 776 762 conditoresque.
820 673 941 742 Manno

1 798 2 852 l
91 785 150 849 tris
172 784 256 850 filios
272 786 447 873 assignant,
471 807 646 873 equorum
666 787 848 853 nominibus
870 809 942 876 pro·

91 898 171 962 ximi
194 896 326 963 Oceano
349 898 568 986 Ingaevones,
596 898 694 963 medii
715 899 941 982 Herminones,

55 1010 193 1078 onerari
220 1009 407 1076 Istaevones
442 1021 608 1076 vocentur.
660 1012 805 1099 quidam,
838 1021 875 1078 ut
907 1011 942 1077 in

92 1121 222 1187 lieentia
243 1124 427 1205 vetustatis,
450 1123 550 1211 pluris
579 1123 639 1188 deo
669 1135 756 1189 ortos
777 1125 942 1212 plurisque

92 1235 199 1322 gentis
222 1236 462 1323 appellationes,
489 1234 614 1300 Marsos
637 1234 843 1302 Gambrivios
864 1235 942 1304 Sue·

91 1349 152 1412 bos
175 1347 360 1429 Vandilios,
390 1347 567 1429 affirment,
599 1371 700 1434 eaque
728 1371 806 1414 vera
834 1357 866 1414 et
888 1372 943 1414 an·

92 1460 183 1547 liquo
204 1460 344 1524 nomina.
378 1470 519 1525 ceterum
535 1459 729 1526 Germaniae
750 1461 943 1527 uocabulum

37 1591 73 1638 10
93 1595 205 1636 reeens
229 1581 261 1636 et
282 1595 384 1660 nuper
407 1571 565 1655 additum,
595 1573 747 1660 quoniam
770 1573 826 1662 qui
848 1573 943 1661 primi

92 1684 243 1749 Rhenum
258 1685 450 1771 transgressi
466 1683 580 1764 Gallos
602 1686 782 1773 expulerint
797 1709 835 1751 ac
856 1708 943 1750 nune
1010 1689 1016 1708 ⁸

93 1796 231 1884 Tungri,
255 1807 332 1861 tuno
355 1795 509 1862 Germani
532 1797 640 1862 vocati
663 1798 736 1864 sint.
774 1799 820 1863 ita
840 1797 943 1863 natio·

93 1909 143 1972 nis
167 1931 295 1989 nomen,
318 1932 384 1972 non
407 1909 522 1995 gentis,
546 1909 703 1975 evaluisse
720 1910 884 1998 paulatim,
906 1919 944 1975 ut

96 2043 208 2092 omnes
242 2021 380 2109 primum
415 2045 434 2084 a
467 2021 591 2086 victore
626 2022 667 2086 ob
695 2031 832 2104 metum,
865 2043 944 2086 mox

40 2149 77 2197 15
97 2133 193 2198 etiam
215 2157 236 2197 a
261 2157 296 2198 se
318 2133 396 2221 ipsis
419 2133 549 2198 invento
572 2133 702 2198 nomine
718 2133 873 2198 Germani
887 2153 944 2198 vo·

95 2256 251 2310 narentur.

195 2522 221 2574 1.
235 2457 377 2576 tiiltouem
387 2521 420 2581 A.
442 2521 590 2575 tuistonem
603 2521 632 2580 C,
646 2519 789 2574 tristonem
800 2519 845 2574 B?
882 2505 884 2512 ,

93 2609 123 2655 et
148 2600 234 2654 ABG:
265 2601 290 2656 ei
311 2619 349 2672 pr
366 2603 399 2656 A.
504 2601 530 2655 2.
555 2600 764 2672 conditoresque
794 2599 945 2655 Rimmon.-

93 2679 299 2752 eonditorisquo
323 2681 387 2740 ΑΒ.
416 2680 567 2735 conditoris
588 2681 618 2735 Ο.
709 2681 744 2734 ’3.
768 2686 822 2734 tres
842 2679 899 2734 Bc.

57 2773 62 2790 1
158 2812 187 2866 4.
211 2812 361 2884 ingeuones
385 2813 424 2872 A,
453 2813 602 2883 ingeuones
623 2812 679 2867 Bc.
731 2820 733 2830 '
780 2767 943 2878 hermilones

92 2892 132 2958 A,
153 2893 308 2948 hermiones
329 2893 385 2946 BC.
453 2894 511 2946 ·5.
531 2891 668 2946 ieteuones
691 2893 718 2946 0.
812 2891 838 2944 6.
858 2889 944 2962 pluris

93 2998 134 3014 --
145 2971 289 3044 pluresque
299 2971 433 3034 Afflcr).
535 2973 559 3025 7.
573 2971 711 3042 gabrinins
724 2971 765 3046 ¹B,
786 2969 943 3042 ganbriuios

95 3087 124 3154 0,
145 3066 287 3158 gabrirlios
300 3089 332 3142 A.
431 3103 528 3141 suanos
541 3086 622 3140 ABC.
720 3086 747 3138 8.
759 3083 899 3139 nandulios
911 3083 944 3138 A.

91 3245 158 3300 ΑΒ·
179 3167 329 3300 epngueC.
429 3161 944 3220 11.ae130.·urA.115.etism
