2364 3802
382 319 427 392 ’.-
474 345 513 410 11
561 381 605 392 -
677 323 682 328 ’

52 529 165 586 munt.
190 545 250 586 nec
266 522 397 608 regibus
419 521 544 588 infinita
566 533 622 588 aut
642 522 744 589 libera
765 533 919 611 potestas,

53 643 91 698 et
122 633 224 699 duces
259 636 406 723 exemplo
440 636 547 723 potius
582 659 679 722 quam
707 636 857 724 imperio,
892 636 921 700 si

54 747 223 833 prompti,
253 748 281 813 si
310 747 490 835 conspicui,
520 748 548 812 si
575 759 650 814 ante
680 750 781 813 aciem
810 758 918 834 agant,

57 858 277 924 admiratione
300 871 461 948 praesunt.
490 869 629 926 ceterum
652 883 756 947 neque
780 861 921 926 animad-

23 979 196 1036 evertere
224 957 329 1059 neque
357 973 495 1054 vincire,
523 997 564 1038 ne
591 973 762 1038 verberare
792 973 921 1059 quidem

58 1082 127 1147 uisi
143 1084 363 1150 sacerdotibus
378 1086 578 1173 permissum,
601 1109 668 1150 non
684 1087 775 1173 quasi
797 1087 830 1150 in
844 1101 920 1174 poe·

58 1217 140 1260 nam
162 1217 224 1260 nec
245 1197 335 1262 ducis
358 1198 454 1278 iussu,
479 1198 535 1263 sed
550 1198 639 1263 velut
655 1198 715 1264 deo
731 1199 919 1285 imperante,

60 1329 163 1394 quem
186 1308 298 1374 adessa
325 1310 519 1375 bellantibus
542 1309 685 1374 credunt.
732 1310 919 1397 effigiesque

63 1429 99 1484 et
121 1420 219 1507 signa
240 1422 398 1508 quaedam
427 1423 569 1488 detracta
597 1421 677 1486 lueis
701 1423 734 1486 in
761 1423 920 1510 proelium

14 1542 46 1590 1⁰
65 1531 185 1598 ferunt.
224 1534 373 1620 quodque
395 1535 603 1622 praecipuum
625 1525 819 1600 fortitudinis
843 1533 920 1598 inci·

64 1655 244 1710 tomentum
265 1658 325 1728 est,
348 1669 414 1712 non
437 1670 529 1712 casus
552 1671 612 1712 nec
634 1648 766 1713 fortuita
790 1647 920 1734 conglo-

65 1758 154 1822 batio
179 1767 316 1823 turmam
340 1769 395 1824 aut
418 1783 554 1824 cuneum
576 1761 669 1843 facit,
700 1760 756 1826 sed
779 1760 920 1852 familiae

67 1880 100 1935 at
113 1870 384 1957 propinquitates3
407 1881 439 1936 et
455 1872 488 1936 in
503 1872 650 1959 proximo
666 1872 813 1961 pignora,
835 1872 921 1937 unde

70 1981 259 2046 feminarum
273 1983 412 2048 ululatus
436 1982 547 2066 audiri,
571 1985 656 2050 unde
670 1985 798 2072 vagitus
819 1985 920 2048 infan-

22 2111 54 2157 15
74 2093 161 2158 tium.
193 2095 227 2158 hi
250 2094 364 2181 cuique
387 2096 579 2160 sanctissimi
602 2105 710 2176 testes,
733 2096 766 2159 hi
789 2094 921 2159 maximi

76 2205 268 2272 laudatores:
299 2206 340 2272 ad
368 2217 503 2288 matres,
539 2207 580 2272 ad
609 2207 761 2293 coniuges
789 2207 923 2272 vulnera

72 2318 192 2402 feruut3
222 2342 282 2384 nce
305 2320 379 2386 illae
407 2342 574 2384 numerare
603 2327 635 2384 et
657 2319 787 2408 exigere
809 2319 923 2406 plagas

75 2439 206 2516 pavent,
241 2431 393 2518 cibosque
428 2441 460 2496 et
494 2431 675 2496 hortamina
706 2431 923 2518 pugnantibus

41 2551 208 2628 §gestant
246 2544 418 2609 memoriae
432 2543 579 2630 proditur
595 2543 749 2630 quasdam
769 2543 853 2607 acies
877 2543 923 2608 in-

27 2671 58 2717 to
79 2653 208 2720 clinatas
237 2655 301 2719 iam
330 2665 363 2720 et
390 2656 534 2721 labantes
564 2680 584 2720 a
611 2655 737 2720 feminis
760 2655 924 2722 restitutas

77 2767 251 2830 constantia
265 2790 397 2854 precum
412 2777 444 2832 et
460 2767 586 2833 obiectu
603 2776 770 2854 pectorum
788 2777 820 2832 ct
835 2791 924 2832 mon-

151 2917 176 2970 2.
200 2925 228 2971 et
253 2917 288 2972 G.-
309 2918 391 2973 etiam
405 2919 462 2974 AB.
543 2918 589 2971 11.
609 2935 696 2990 nequa
716 2917 747 2970 A.
829 2917 874 2970 13.
896 2925 923 2971 ot

78 3066 290 3138 propinquitates
300 3069 363 3125 130.-
378 3019 424 3123 aila
436 3066 652 3141 propinquitates
663 3067 696 3122 A.
799 3066 844 3120 17.
858 3083 923 3118 onu-

79 3163 174 3200 merara
203 3139 256 3200 A?
357 3156 386 3203 at
408 3149 443 3203 O.-
469 3146 629 3208 autam&
731 3147 777 3200 19.
789 3143 927 3214 pditurA.

170 3225 287 3282 inclinas
303 3227 332 3282 Ο.
