2364 3802
603 334 823 398 ..44-

290 506 472 572 fluminibus
501 518 557 573 aut
591 508 679 574 silvis
709 509 903 575 muniuntur.
954 533 1015 575 nee
1052 511 1137 596 quic-

292 642 388 706 quam
409 620 550 686 notabile
573 620 608 685 in
630 619 775 710 singulis,
799 622 861 688 nisi
885 622 1027 708 quadiu
1053 647 1160 734 eom·l

290 755 385 797 mune
400 731 567 815 Nerthum,
591 733 625 798 id
641 745 689 800 eet
704 735 839 819 Terram
854 744 999 818 matrem,
1028 737 1139 800 colunt

290 867 424 932 eamque
440 845 632 912 intervenire
646 848 741 913 rebus
757 848 931 930 huminum,
959 848 1069 914 invehi
1082 871 1139 934 po·

288 957 372 1044 pulis
395 957 597 1023 arbitrantur.
643 959 740 1026 estin
756 960 859 1026 insula
875 959 999 1026 Oceani
1014 970 1155 1026 castum&

288 1093 418 1152 nemus,
454 1070 656 1156 dicatumque
687 1071 720 1136 in
749 1093 787 1137 ee
814 1053 1012 1154 ¹uehiculum,
1050 1083 1135 1137 veste

290 1192 483 1248 contectum.
518 1183 677 1270 attingere
691 1184 747 1248 uni
763 1184 922 1250 sacerdoti
938 1206 1133 1249 eoncessum.

289 1295 317 1359 ie
340 1295 451 1361 adesse
471 1295 628 1384 penetrali
651 1295 744 1362 deam
767 1297 925 1384 intellegit
945 1306 1132 1384 vectamque

289 1408 392 1474 bubus
415 1407 541 1473 feminis
564 1409 664 1473 multa
693 1431 766 1473 cum
792 1409 998 1474 veneratione
1028 1431 1133 1496 prose

290 1519 406 1606 quitur.
453 1519 535 1584 laeti·
551 1529 627 1584 tunc
650 1520 734 1603 dies,
762 1520 845 1585 festa
872 1521 944 1586 loca
967 1541 1152 1608 quaecum-1

290 1652 353 1717 que
375 1631 515 1696 adventu
529 1631 732 1718 hospitioque
756 1632 916 1720 dignatur.
962 1653 1030 1697 non
1052 1633 1135 1698 bella

283 1735 410 1824 ineunt,
434 1763 499 1806 non
522 1767 611 1808 arma
634 1755 776 1828 sumunt3
800 1745 942 1810 clausum
958 1766 1054 1810 omne
1080 1745 1134 1810 fer·
1160 1733 1161 1764 ³

289 1876 377 1937 rum3
400 1877 466 1941 pax
496 1864 528 1919 et
552 1855 641 1940 quies
664 1865 740 1921 tune
762 1866 886 1921 tantum
909 1866 1031 1938 amata,
1062 1867 1135 1921 tunc

288 1975 412 2044 tantum
439 1977 531 2050 nota,
567 1966 669 2033 donec
698 1967 783 2033 idem
812 1968 959 2034 sacerdos
989 1968 1135 2032 satiatam

288 2079 531 2146 conversatione
554 2080 737 2146 mortalium
759 2079 852 2145 deam
866 2080 986 2168 templo
1009 2079 1154 2145 reddat.1

288 2213 365 2255 mox
387 2191 568 2256 vehiculum
591 2203 624 2257 et
645 2202 751 2258 vestes
775 2203 817 2274 et,
842 2191 869 2256 si
893 2191 1023 2256 credere
1045 2191 1131 2272 velia,

287 2324 405 2367 numen
428 2303 533 2390 ipsum
548 2314 671 2369 secreto
699 2305 770 2369 lacu
786 2304 934 2369 abluitur.
980 2305 1067 2368 servi
1082 2303 1130 2368 mi-

288 2413 440 2496 nistrant,
465 2437 545 2500 quoa
569 2416 677 2480 atatim
706 2416 790 2482 idem
813 2416 900 2481 lacus
927 2415 1044 2480 haurit.
1093 2438 1135 2480 ar·

202 2523 204 2532 ’
288 2547 386 2590 canus
409 2525 484 2590 hine
507 2536 612 2592 terror
640 2538 814 2614 sanctaque
836 2528 1030 2615 ignorantia,
1060 2526 1135 2615 quid

288 2637 329 2702 sit
351 2638 431 2702 illud
453 2639 540 2726 quod
561 2649 686 2706 tantum
706 2640 839 2727 perituri
861 2641 981 2706 vident.

387 2908 413 2961 3.
434 2879 558 2961 neithum
592 2910 630 2968 A,
662 2911 783 2966 neithum
814 2912 853 2972 Β,
885 2894 1014 2966 nauthum
1059 2910 1087 2963 C.
1161 2969 1162 2972 ,

386 2987 413 3042 4.
432 2985 539 3058 populis
560 2988 620 3041 BC:
641 2990 757 3064 propriis
781 2991 807 3044 Ο.
926 2989 953 3044 5.
971 2997 1091 3042 castrum
1114 2987 1137 3041 C.
1161 3041 1162 3068 ἐ

388 3067 413 3119 6.
434 3084 467 3120 οο
489 3066 635 3121 maanus.-
656 3088 688 3124 ea
707 3071 787 3124 ABG.
878 3069 904 3123 8.
918 3067 1050 3140 intelligit
1071 3068 1136 3121 librt
1161 3079 1162 3112 1

389 3145 435 3198 13.
461 3155 557 3211 amata,
576 3155 639 3202 tunc
654 3157 757 3202 tantum
775 3155 841 3202 nota
860 3147 1051 3202 Latmum:
1073 3155 1136 3202 nuta
1161 3173 1162 3214 1

289 3231 352 3278 tune
374 3223 459 3291 (item
475 3224 511 3292 C)
533 3233 637 3280 tantum
650 3236 739 3282 amata
753 3227 832 3282 ABO.
932 3228 977 3280 17.
991 3243 1095 3281 nomen
1109 3227 1136 3280 Δ.
