2364 3802
579 345 800 409 ..42-

265 547 304 588 so
326 545 423 610 saepe
444 521 478 587 in
501 522 570 609 ipso
595 522 663 586 solo
692 521 806 588 vertici
828 521 998 608 religatum
1030 520 1124 608 prin·

150 649 153 662 '
267 635 353 724 cipes
377 644 409 700 et
432 635 626 700 ornatiorem
653 635 781 700 habent.
828 623 866 700 ea
888 657 964 698 curo
980 635 1123 714 formae,

266 749 322 815 sed
344 747 491 812 innoxie:
516 749 722 835 nequeenim
736 757 772 813 ut
788 756 894 812 ament
916 757 1123 826 amentum,

263 861 299 924 in
327 859 527 926 altitudinem
556 861 717 949 quandam
744 870 775 926 et
810 870 964 926 terrorem
998 857 1124 924 adituri

265 971 351 1038 bellu
374 972 530 1060 comptius
553 972 693 1038 hostium
715 973 816 1040 oeulis
840 982 1001 1036 ornantur.
1139 985 1149 1029 5

207 1099 249 1155 39
333 1085 566 1150 vetustissimos
585 1109 619 1150 se
640 1084 919 1171 nobilissimosque
934 1081 1123 1150 Sueborum

265 1177 444 1264 Semnones
472 1207 660 1264 memorant.
711 1195 790 1262 fides
819 1196 1018 1282 antiquitatis
1043 1195 1122 1260 reli-

267 1310 366 1397 gione
378 1310 530 1376 firmatur.
578 1319 660 1376 stato
676 1319 820 1396 tempore
836 1309 870 1372 in
886 1309 999 1373 silvam
1015 1331 1121 1395 augu-

267 1423 322 1488 riis
344 1432 471 1511 patrum
495 1432 527 1488 et
548 1422 655 1510 prisce
669 1420 839 1486 formidine
855 1443 979 1486 suorum
1002 1443 1120 1486 omnes

268 1534 410 1600 eiusdem
432 1534 597 1621 sanguinis
623 1534 733 1621 populi
756 1533 971 1620 legationibus
995 1541 1117 1596 coeunt
1134 1543 1155 1592 10

267 1669 424 1732 caesoque
446 1646 574 1734 publice
596 1646 725 1710 homine
742 1646 905 1711 celebrant
927 1644 1058 1714 barbeii
1075 1644 1117 1708 ri-

267 1769 318 1822 tus
340 1757 499 1823 horrenda
521 1756 703 1845 primordia.
751 1766 800 1822 est
822 1766 855 1822 et
884 1756 947 1820 alie
970 1755 1042 1820 luco
1068 1779 1117 1820 re—

265 1869 425 1934 verentie:
460 1891 554 1934 nemo
569 1869 632 1935 nisi
646 1869 774 1933 vinculo
790 1869 909 1956 ligatus
924 1867 1118 1956 ingreditur,

268 1991 303 2046 ut
324 1981 430 2047 miuor
445 1993 477 2048 et
491 1992 684 2069 potestatem
698 1980 837 2046 numinis
853 2004 980 2071 praese
997 1981 1117 2046 ferens.

268 2095 296 2160 si
318 2095 401 2160 forte
416 2096 584 2184 prolapsus
601 2104 659 2176 est,
682 2094 785 2159 attolli
801 2103 833 2160 et
848 2094 1014 2181 insurgere
1030 2093 1118 2159 haud
1136 2107 1158 2153 tt

546 2267 598 2316 solo
766 2265 839 2328 lipso

368 2338 394 2390 1.
413 2337 442 2390 in
463 2339 523 2411 ipso
544 2337 646 2393 uertice
670 2338 704 2396 A,
726 2337 754 2391 in
782 2337 841 2391 solo
872 2335 973 2390 uertice
1008 2337 1051 2397 Β,
1088 2335 1114 2389 ἰιι

268 2415 327 2486 ipsu
348 2416 450 2472 uertice
473 2420 500 2472 C.
512 2418 608 2473 vertici
627 2419 812 2471 Lucumonem.
910 2415 1042 2485 religatur
1054 2417 1116 2469 AB:

267 2495 354 2566 ligant
387 2496 414 2549 C.
527 2500 553 2552 3.
583 2497 694 2551 innoxie
730 2497 857 2550 Muretus:
893 2494 1004 2549 innoxie
1036 2495 1117 2549 ΑΒΘ.

366 2575 392 2628 5.
430 2577 563 2650 comptius
601 2577 793 2630 Loetmaonus:
835 2575 938 2647 compti
972 2586 1001 2629 ut
1035 2575 1117 2630 ABG.

363 2668 417 2702 arm

365 2734 492 2780 ornantur
511 2729 542 2794 A,
563 2734 700 2781 armantur
722 2723 844 2787 Bm).
944 2726 970 2780 6.
990 2725 1117 2781 uetustis·

267 2837 335 2893 simo
362 2840 389 2893 C.
512 2858 653 2895 sueuomm
673 2841 753 2896 ufic.
879 2841 904 2896 7.
924 2827 1038 2896 stbone·
1080 2842 1112 2900 A,

267 2917 393 2973 tseuones

267 3005 392 3044 semones
406 2991 445 3048 Β,
461 3006 586 3044 semones
610 2991 637 3045 C.
735 2990 762 3044 8.
775 2990 879 3062 augurii
901 2991 927 3044 0.
1027 2991 1053 3044 9.
1067 3009 1114 3062 pa·

267 3077 338 3124 trum
356 3087 417 3122 corr
436 3070 475 3123 A.-
495 3069 612 3139 putrium
638 3068 747 3130 B(c?)
776 3076 799 3120 et
819 3088 856 3140 pr
879 3071 910 3124 A.
1009 3088 1111 3124 sueram

266 3149 302 3202 A:
327 3166 430 3202 sacrum
451 3149 507 3202 Bc,
605 3167 713 3214 omnes,
738 3165 817 3217 supro
842 3148 970 3218 adscripto
993 3150 1004 3202 l
1026 3149 1113 3202 nomi·

267 3225 310 3280 nis
330 3230 340 3280 Ι
362 3227 489 3286 numinis,
510 3229 544 3280 Β.
644 3228 688 3281 15.
708 3227 820 3298 plepem
840 3228 872 3280 A.
