<?xml version="1.0" encoding="UTF-8"?>
<!DOCTYPE html PUBLIC "-//W3C//DTD XHTML 1.0 Transitional//EN"
    "http://www.w3.org/TR/xhtml1/DTD/xhtml1-transitional.dtd">
<html xmlns="http://www.w3.org/1999/xhtml" xml:lang="en" lang="en">
 <head>
  <title>
</title>
<meta http-equiv="Content-Type" content="text/html;charset=utf-8" />
  <meta name='ocr-system' content='tesseract 3.04.00' />
  <meta name='ocr-capabilities' content='ocr_page ocr_carea ocr_par ocr_line ocrx_word'/>
</head>
<body>
  <div class='ocr_page' id='page_1' title='image "./corneliitacitig00haupgoog_0027.png"; bbox 0 0 2364 3802; ppageno 0'>
   <div class='ocr_carea' id='block_1_1' title="bbox 579 314 800 378">
    <p class='ocr_par' dir='ltr' id='par_1_1' title="bbox 579 314 800 378">
     <span class='ocr_line' id='line_1_1' title="bbox 579 314 800 378; baseline -0.005 -16"><span class='ocrx_word' id='word_1_1' title='bbox 579 314 800 378; x_wconf 68' lang='lat'>..18-</span> 
     </span>
    </p>
   </div>
   <div class='ocr_carea' id='block_1_2' title="bbox 186 489 1170 2373">
    <p class='ocr_par' dir='ltr' id='par_1_2' title="bbox 262 489 1157 1476">
     <span class='ocr_line' id='line_1_2' title="bbox 262 489 1134 573; baseline -0.002 -16"><span class='ocrx_word' id='word_1_2' title='bbox 262 515 305 558; x_wconf 87' lang='lat' dir='ltr'>ex</span> <span class='ocrx_word' id='word_1_3' title='bbox 327 490 395 556; x_wconf 88' lang='lat' dir='ltr'>acie</span> <span class='ocrx_word' id='word_1_4' title='bbox 410 489 589 556; x_wconf 76' lang='lat' dir='ltr'>recessisse.</span> <span class='ocrx_word' id='word_1_5' title='bbox 628 492 718 556; x_wconf 91' lang='lat' dir='ltr'>illum</span> <span class='ocrx_word' id='word_1_6' title='bbox 734 490 914 572; x_wconf 79' lang='lat' dir='ltr'>defendere,</span> <span class='ocrx_word' id='word_1_7' title='bbox 937 491 1035 573; x_wconf 86' lang='lat' dir='ltr'>tueri,</span> <span class='ocrx_word' id='word_1_8' title='bbox 1063 513 1134 556; x_wconf 84' lang='lat' dir='ltr'>sua</span> 
     </span>
     <span class='ocr_line' id='line_1_3' title="bbox 263 603 1132 692; baseline -0.001 -23"><span class='ocrx_word' id='word_1_9' title='bbox 263 627 392 692; x_wconf 88' lang='lat' dir='ltr'>quoque</span> <span class='ocrx_word' id='word_1_10' title='bbox 408 603 505 668; x_wconf 87' lang='lat' dir='ltr'>fortia</span> <span class='ocrx_word' id='word_1_11' title='bbox 519 603 605 668; x_wconf 84' lang='lat' dir='ltr'>facta</span> <span class='ocrx_word' id='word_1_12' title='bbox 620 604 743 691; x_wconf 80' lang='lat' dir='ltr'>gloriae</span> <span class='ocrx_word' id='word_1_13' title='bbox 758 603 825 668; x_wconf 90' lang='lat' dir='ltr'>eius</span> <span class='ocrx_word' id='word_1_14' title='bbox 842 603 1010 690; x_wconf 85' lang='lat' dir='ltr'>assignare</span> <span class='ocrx_word' id='word_1_15' title='bbox 1027 627 1132 690; x_wconf 77' lang='lat' dir='ltr'>prac-</span> 
     </span>
     <span class='ocr_line' id='line_1_4' title="bbox 264 715 1133 804; baseline -0.002 -22"><span class='ocrx_word' id='word_1_16' title='bbox 264 717 393 804; x_wconf 91' lang='lat' dir='ltr'>cipuum</span> <span class='ocrx_word' id='word_1_17' title='bbox 420 726 654 782; x_wconf 84' lang='lat' dir='ltr'>sacramentum</span> <span class='ocrx_word' id='word_1_18' title='bbox 682 726 745 781; x_wconf 85' lang='lat' dir='ltr'>est:</span> <span class='ocrx_word' id='word_1_19' title='bbox 774 715 934 802; x_wconf 79' lang='lat' dir='ltr'>principes</span> <span class='ocrx_word' id='word_1_20' title='bbox 962 738 1026 803; x_wconf 90' lang='lat' dir='ltr'>pro</span> <span class='ocrx_word' id='word_1_21' title='bbox 1055 715 1133 780; x_wconf 88' lang='lat' dir='ltr'>vic-</span> 
     </span>
     <span class='ocr_line' id='line_1_5' title="bbox 264 828 1131 916; baseline -0.002 -22"><span class='ocrx_word' id='word_1_22' title='bbox 264 830 348 894; x_wconf 89' lang='lat' dir='ltr'>toria</span> <span class='ocrx_word' id='word_1_23' title='bbox 375 838 536 916; x_wconf 84' lang='lat' dir='ltr'>pugnant,</span> <span class='ocrx_word' id='word_1_24' title='bbox 558 828 698 894; x_wconf 84' lang='lat' dir='ltr'>comites</span> <span class='ocrx_word' id='word_1_25' title='bbox 726 850 785 915; x_wconf 91' lang='lat' dir='ltr'>pro</span> <span class='ocrx_word' id='word_1_26' title='bbox 814 828 967 915; x_wconf 81' lang='lat' dir='ltr'>principe.</span> <span class='ocrx_word' id='word_1_27' title='bbox 1017 828 1050 892; x_wconf 84' lang='lat' dir='ltr'>si</span> <span class='ocrx_word' id='word_1_28' title='bbox 1082 829 1131 892; x_wconf 92' lang='lat' dir='ltr'>ci-</span> 
     </span>
     <span class='ocr_line' id='line_1_6' title="bbox 263 941 1157 1028; baseline -0.002 -22"><span class='ocrx_word' id='word_1_29' title='bbox 263 942 347 1008; x_wconf 86' lang='lat' dir='ltr'>vitas</span> <span class='ocrx_word' id='word_1_30' title='bbox 370 942 403 1006; x_wconf 86' lang='lat' dir='ltr'>in</span> <span class='ocrx_word' id='word_1_31' title='bbox 427 964 490 1028; x_wconf 84' lang='lat' dir='ltr'>qua</span> <span class='ocrx_word' id='word_1_32' title='bbox 514 941 575 1006; x_wconf 90' lang='lat' dir='ltr'>orti</span> <span class='ocrx_word' id='word_1_33' title='bbox 597 950 670 1004; x_wconf 90' lang='lat' dir='ltr'>sunt</span> <span class='ocrx_word' id='word_1_34' title='bbox 693 941 791 1027; x_wconf 86' lang='lat' dir='ltr'>longa</span> <span class='ocrx_word' id='word_1_35' title='bbox 813 963 893 1028; x_wconf 88' lang='lat' dir='ltr'>paee</span> <span class='ocrx_word' id='word_1_36' title='bbox 915 950 947 1005; x_wconf 85' lang='lat' dir='ltr'>et</span> <span class='ocrx_word' id='word_1_37' title='bbox 969 941 1040 1004; x_wconf 91' lang='lat' dir='ltr'>otio</span> <span class='ocrx_word' id='word_1_38' title='bbox 1060 951 1157 1006; x_wconf 82' lang='lat' dir='ltr'>tor-5</span> 
     </span>
     <span class='ocr_line' id='line_1_7' title="bbox 264 1052 1132 1141; baseline -0.005 -21"><span class='ocrx_word' id='word_1_39' title='bbox 264 1064 356 1141; x_wconf 81' lang='lat' dir='ltr'>peut,</span> <span class='ocrx_word' id='word_1_40' title='bbox 385 1053 530 1141; x_wconf 84' lang='lat' dir='ltr'>plerique</span> <span class='ocrx_word' id='word_1_41' title='bbox 552 1052 709 1118; x_wconf 91' lang='lat' dir='ltr'>nobilium</span> <span class='ocrx_word' id='word_1_42' title='bbox 732 1053 982 1117; x_wconf 84' lang='lat' dir='ltr'>adolescentium</span> <span class='ocrx_word' id='word_1_43' title='bbox 1003 1063 1132 1138; x_wconf 88' lang='lat' dir='ltr'>petunt</span> 
     </span>
     <span class='ocr_line' id='line_1_8' title="bbox 265 1164 1130 1251; baseline -0.002 -21"><span class='ocrx_word' id='word_1_44' title='bbox 265 1167 349 1231; x_wconf 85' lang='lat' dir='ltr'>ultro</span> <span class='ocrx_word' id='word_1_45' title='bbox 380 1189 434 1230; x_wconf 88' lang='lat' dir='ltr'>cas</span> <span class='ocrx_word' id='word_1_46' title='bbox 463 1165 619 1248; x_wconf 84' lang='lat' dir='ltr'>notiones</span> <span class='ocrx_word' id='word_1_47' title='bbox 638 1187 720 1251; x_wconf 90' lang='lat' dir='ltr'>quae</span> <span class='ocrx_word' id='word_1_48' title='bbox 748 1174 816 1228; x_wconf 90' lang='lat' dir='ltr'>tum</span> <span class='ocrx_word' id='word_1_49' title='bbox 843 1164 963 1240; x_wconf 87' lang='lat' dir='ltr'>bellum</span> <span class='ocrx_word' id='word_1_50' title='bbox 986 1165 1130 1251; x_wconf 86' lang='lat' dir='ltr'>aliquod</span> 
     </span>
     <span class='ocr_line' id='line_1_9' title="bbox 266 1275 1129 1365; baseline -0.003 -22"><span class='ocrx_word' id='word_1_51' title='bbox 266 1288 392 1365; x_wconf 84' lang='lat' dir='ltr'>gerunt,</span> <span class='ocrx_word' id='word_1_52' title='bbox 406 1277 493 1364; x_wconf 86' lang='lat' dir='ltr'>quia</span> <span class='ocrx_word' id='word_1_53' title='bbox 516 1287 548 1342; x_wconf 89' lang='lat' dir='ltr'>et</span> <span class='ocrx_word' id='word_1_54' title='bbox 569 1277 697 1364; x_wconf 84' lang='lat' dir='ltr'>ingrata</span> <span class='ocrx_word' id='word_1_55' title='bbox 720 1277 811 1363; x_wconf 82' lang='lat' dir='ltr'>genti·</span> <span class='ocrx_word' id='word_1_56' title='bbox 831 1275 921 1362; x_wconf 89' lang='lat' dir='ltr'>quies</span> <span class='ocrx_word' id='word_1_57' title='bbox 943 1286 977 1340; x_wconf 90' lang='lat' dir='ltr'>et</span> <span class='ocrx_word' id='word_1_58' title='bbox 991 1277 1129 1341; x_wconf 85' lang='lat' dir='ltr'>facilius</span> 
     </span>
     <span class='ocr_line' id='line_1_10' title="bbox 266 1389 1128 1476; baseline -0.002 -20"><span class='ocrx_word' id='word_1_59' title='bbox 266 1391 350 1456; x_wconf 86' lang='lat' dir='ltr'>inter</span> <span class='ocrx_word' id='word_1_60' title='bbox 373 1390 525 1476; x_wconf 74' lang='lat' dir='ltr'>ancipitia</span> <span class='ocrx_word' id='word_1_61' title='bbox 548 1391 726 1454; x_wconf 87' lang='lat' dir='ltr'>clarescunt</span> <span class='ocrx_word' id='word_1_62' title='bbox 748 1412 965 1476; x_wconf 82' lang='lat' dir='ltr'>magnumque</span> <span class='ocrx_word' id='word_1_63' title='bbox 988 1389 1128 1454; x_wconf 84' lang='lat' dir='ltr'>comita-</span> 
     </span>
    </p>

    <p class='ocr_par' dir='ltr' id='par_1_3' title="bbox 186 1501 1170 2373">
     <span class='ocr_line' id='line_1_11' title="bbox 186 1501 1168 1588; baseline -0.004 -21"><span class='ocrx_word' id='word_1_64' title='bbox 186 1512 191 1519; x_wconf 87' lang='lat'>&#39;</span> <span class='ocrx_word' id='word_1_65' title='bbox 267 1512 336 1567; x_wconf 91' lang='lat' dir='ltr'>tum</span> <span class='ocrx_word' id='word_1_66' title='bbox 364 1525 430 1568; x_wconf 89' lang='lat' dir='ltr'>non</span> <span class='ocrx_word' id='word_1_67' title='bbox 457 1501 520 1566; x_wconf 87' lang='lat' dir='ltr'>nisi</span> <span class='ocrx_word' id='word_1_68' title='bbox 548 1502 581 1566; x_wconf 88' lang='lat' dir='ltr'>vi</span> <span class='ocrx_word' id='word_1_69' title='bbox 609 1501 758 1588; x_wconf 86' lang='lat' dir='ltr'>belloque</span> <span class='ocrx_word' id='word_1_70' title='bbox 786 1501 924 1566; x_wconf 83' lang='lat' dir='ltr'>tuentur.</span> <span class='ocrx_word' id='word_1_71' title='bbox 982 1501 1168 1587; x_wconf 61' lang='lat' dir='ltr'>exiguntor</span> 
     </span>
     <span class='ocr_line' id='line_1_12' title="bbox 268 1594 1128 1702; baseline -0.003 -23"><span class='ocrx_word' id='word_1_72' title='bbox 268 1615 354 1680; x_wconf 67' lang='lat' dir='ltr'>enim</span> <span class='ocrx_word' id='word_1_73' title='bbox 376 1613 528 1702; x_wconf 65' lang='lat' dir='ltr'>praepa</span> <span class='ocrx_word' id='word_1_74' title='bbox 551 1594 600 1678; x_wconf 69' lang='lat' dir='ltr'>aa</span> <span class='ocrx_word' id='word_1_75' title='bbox 621 1613 810 1680; x_wconf 72' lang='lat' dir='ltr'>meracae</span> <span class='ocrx_word' id='word_1_76' title='bbox 825 1613 1128 1678; x_wconf 62' lang='lat' dir='ltr'>illuminatorem</span> 
     </span>
     <span class='ocr_line' id='line_1_13' title="bbox 270 1725 1126 1811; baseline -0.001 -22"><span class='ocrx_word' id='word_1_77' title='bbox 270 1749 397 1811; x_wconf 82' lang='lat' dir='ltr'>equum,</span> <span class='ocrx_word' id='word_1_78' title='bbox 420 1727 518 1789; x_wconf 49' lang='lat' dir='ltr'>illam¹</span> <span class='ocrx_word' id='word_1_79' title='bbox 532 1735 696 1790; x_wconf 84' lang='lat' dir='ltr'>cruentam</span> <span class='ocrx_word' id='word_1_80' title='bbox 711 1726 939 1811; x_wconf 83' lang='lat' dir='ltr'>victricemque</span> <span class='ocrx_word' id='word_1_81' title='bbox 954 1725 1126 1789; x_wconf 84' lang='lat' dir='ltr'>frameam.</span> 
     </span>
     <span class='ocr_line' id='line_1_14' title="bbox 268 1836 1127 1924; baseline 0.001 -24"><span class='ocrx_word' id='word_1_82' title='bbox 268 1861 345 1900; x_wconf 88' lang='lat' dir='ltr'>nam</span> <span class='ocrx_word' id='word_1_83' title='bbox 369 1838 479 1923; x_wconf 84' lang='lat' dir='ltr'>epulae</span> <span class='ocrx_word' id='word_1_84' title='bbox 502 1846 534 1901; x_wconf 89' lang='lat' dir='ltr'>&#39;ct</span> <span class='ocrx_word' id='word_1_85' title='bbox 557 1859 751 1923; x_wconf 80' lang='lat' dir='ltr'>quemquam</span> <span class='ocrx_word' id='word_1_86' title='bbox 773 1837 942 1924; x_wconf 87' lang='lat' dir='ltr'>incompti,</span> <span class='ocrx_word' id='word_1_87' title='bbox 967 1836 1051 1923; x_wconf 83' lang='lat' dir='ltr'>largi</span> <span class='ocrx_word' id='word_1_88' title='bbox 1078 1847 1127 1901; x_wconf 85' lang='lat' dir='ltr'>ta-</span> 
     </span>
     <span class='ocr_line' id='line_1_15' title="bbox 269 1949 1126 2036; baseline 0.004 -22"><span class='ocrx_word' id='word_1_89' title='bbox 269 1972 345 2014; x_wconf 84' lang='lat' dir='ltr'>men</span> <span class='ocrx_word' id='word_1_90' title='bbox 368 1949 537 2036; x_wconf 84' lang='lat' dir='ltr'>apparatus</span> <span class='ocrx_word' id='word_1_91' title='bbox 560 1973 618 2036; x_wconf 91' lang='lat' dir='ltr'>pro</span> <span class='ocrx_word' id='word_1_92' title='bbox 642 1950 799 2036; x_wconf 88' lang='lat' dir='ltr'>stipendio</span> <span class='ocrx_word' id='word_1_93' title='bbox 821 1950 946 2026; x_wconf 87' lang='lat' dir='ltr'>cedunt.</span> <span class='ocrx_word' id='word_1_94' title='bbox 985 1949 1126 2017; x_wconf 78' lang='lat' dir='ltr'>materie</span> 
     </span>
     <span class='ocr_line' id='line_1_16' title="bbox 269 2061 1170 2149; baseline -0.003 -22"><span class='ocrx_word' id='word_1_95' title='bbox 269 2061 505 2127; x_wconf 88' lang='lat' dir='ltr'>munificentiae</span> <span class='ocrx_word' id='word_1_96' title='bbox 530 2085 591 2149; x_wconf 89' lang='lat' dir='ltr'>per</span> <span class='ocrx_word' id='word_1_97' title='bbox 619 2063 703 2128; x_wconf 86' lang='lat' dir='ltr'>bella</span> <span class='ocrx_word' id='word_1_98' title='bbox 726 2072 758 2126; x_wconf 88' lang='lat' dir='ltr'>ct</span> <span class='ocrx_word' id='word_1_99' title='bbox 779 2072 898 2148; x_wconf 83' lang='lat' dir='ltr'>raptus.</span> <span class='ocrx_word' id='word_1_100' title='bbox 944 2085 1004 2126; x_wconf 90' lang='lat' dir='ltr'>nec</span> <span class='ocrx_word' id='word_1_101' title='bbox 1028 2083 1121 2126; x_wconf 86' lang='lat' dir='ltr'>arare</span> <span class='ocrx_word' id='word_1_102' title='bbox 1144 2063 1170 2140; x_wconf 70' lang='grc'><strong>11</strong></span> 
     </span>
     <span class='ocr_line' id='line_1_17' title="bbox 267 2173 1120 2262; baseline -0.001 -24"><span class='ocrx_word' id='word_1_103' title='bbox 267 2185 390 2248; x_wconf 49' lang='lat' dir='ltr'>¹terram</span> <span class='ocrx_word' id='word_1_104' title='bbox 418 2184 473 2240; x_wconf 83' lang='lat' dir='ltr'>aut</span> <span class='ocrx_word' id='word_1_105' title='bbox 496 2184 681 2262; x_wconf 86' lang='lat' dir='ltr'>exspectare</span> <span class='ocrx_word' id='word_1_106' title='bbox 705 2197 823 2239; x_wconf 88' lang='lat' dir='ltr'>annum</span> <span class='ocrx_word' id='word_1_107' title='bbox 844 2184 911 2238; x_wconf 87' lang='lat' dir='ltr'>tam</span> <span class='ocrx_word' id='word_1_108' title='bbox 933 2173 1028 2238; x_wconf 83' lang='lat' dir='ltr'>facile</span> <span class='ocrx_word' id='word_1_109' title='bbox 1049 2197 1120 2260; x_wconf 88' lang='lat' dir='ltr'>pcr-</span> 
     </span>
     <span class='ocr_line' id='line_1_18' title="bbox 270 2285 1118 2373; baseline -0.002 -23"><span class='ocrx_word' id='word_1_110' title='bbox 270 2285 409 2350; x_wconf 84' lang='lat' dir='ltr'>suasoris</span> <span class='ocrx_word' id='word_1_111' title='bbox 437 2309 533 2373; x_wconf 86' lang='lat' dir='ltr'>quam</span> <span class='ocrx_word' id='word_1_112' title='bbox 560 2309 676 2352; x_wconf 86' lang='lat' dir='ltr'>vocare</span> <span class='ocrx_word' id='word_1_113' title='bbox 699 2286 824 2351; x_wconf 87' lang='lat' dir='ltr'>hostem</span> <span class='ocrx_word' id='word_1_114' title='bbox 846 2296 878 2350; x_wconf 87' lang='lat' dir='ltr'>et</span> <span class='ocrx_word' id='word_1_115' title='bbox 900 2285 1033 2350; x_wconf 85' lang='lat' dir='ltr'>vulnera</span> <span class='ocrx_word' id='word_1_116' title='bbox 1055 2307 1118 2348; x_wconf 89' lang='lat' dir='ltr'>me-</span> 
     </span>
    </p>
   </div>
   <div class='ocr_carea' id='block_1_3' title="bbox 216 2396 1170 2932">
    <p class='ocr_par' dir='ltr' id='par_1_4' title="bbox 270 2396 1122 2598">
     <span class='ocr_line' id='line_1_19' title="bbox 270 2396 1122 2485; baseline -0.001 -24"><span class='ocrx_word' id='word_1_117' title='bbox 270 2396 344 2462; x_wconf 87' lang='lat' dir='ltr'>reri.</span> <span class='ocrx_word' id='word_1_118' title='bbox 389 2398 518 2485; x_wconf 80' lang='lat' dir='ltr'>pigrum</span> <span class='ocrx_word' id='word_1_119' title='bbox 541 2399 617 2484; x_wconf 89' lang='lat' dir='ltr'>quin</span> <span class='ocrx_word' id='word_1_120' title='bbox 640 2399 736 2464; x_wconf 91' lang='lat' dir='ltr'>immo</span> <span class='ocrx_word' id='word_1_121' title='bbox 761 2408 792 2463; x_wconf 86' lang='lat' dir='ltr'>et</span> <span class='ocrx_word' id='word_1_122' title='bbox 815 2399 899 2463; x_wconf 87' lang='lat' dir='ltr'>iners</span> <span class='ocrx_word' id='word_1_123' title='bbox 922 2396 1048 2462; x_wconf 88' lang='lat' dir='ltr'>videtur</span> <span class='ocrx_word' id='word_1_124' title='bbox 1071 2419 1122 2460; x_wconf 92' lang='lat' dir='ltr'>su-</span> 
     </span>
     <span class='ocr_line' id='line_1_20' title="bbox 272 2509 1099 2598; baseline -0.001 -25"><span class='ocrx_word' id='word_1_125' title='bbox 272 2510 349 2574; x_wconf 89' lang='lat' dir='ltr'>dore</span> <span class='ocrx_word' id='word_1_126' title='bbox 372 2509 538 2596; x_wconf 84' lang='lat' dir='ltr'>adquirere</span> <span class='ocrx_word' id='word_1_127' title='bbox 562 2510 649 2594; x_wconf 92' lang='lat' dir='ltr'>quod</span> <span class='ocrx_word' id='word_1_128' title='bbox 670 2510 774 2597; x_wconf 86' lang='lat' dir='ltr'>possis</span> <span class='ocrx_word' id='word_1_129' title='bbox 798 2510 951 2598; x_wconf 82' lang='lat' dir='ltr'>sanguine</span> <span class='ocrx_word' id='word_1_130' title='bbox 974 2532 1099 2596; x_wconf 81' lang='lat' dir='ltr'>parare.</span> 
     </span>
    </p>

    <p class='ocr_par' dir='ltr' id='par_1_5' title="bbox 216 2621 1170 2932">
     <span class='ocr_line' id='line_1_21' title="bbox 216 2621 1170 2707; baseline -0.006 -22"><span class='ocrx_word' id='word_1_131' title='bbox 216 2641 255 2698; x_wconf 80' lang='lat'>15</span> <span class='ocrx_word' id='word_1_132' title='bbox 340 2622 486 2707; x_wconf 84' lang='lat' dir='ltr'>quotiens</span> <span class='ocrx_word' id='word_1_133' title='bbox 520 2622 604 2686; x_wconf 90' lang='lat' dir='ltr'>bella</span> <span class='ocrx_word' id='word_1_134' title='bbox 637 2643 703 2685; x_wconf 90' lang='lat' dir='ltr'>non</span> <span class='ocrx_word' id='word_1_135' title='bbox 731 2621 855 2703; x_wconf 90' lang='lat' dir='ltr'>ineunt,</span> <span class='ocrx_word' id='word_1_136' title='bbox 890 2645 956 2686; x_wconf 88' lang='lat' dir='ltr'>non</span> <span class='ocrx_word' id='word_1_137' title='bbox 984 2622 1121 2686; x_wconf 90' lang='lat' dir='ltr'>multum</span> <span class='ocrx_word' id='word_1_138' title='bbox 1138 2629 1170 2683; x_wconf 73' lang='lat' dir='ltr'>rol</span> 
     </span>
     <span class='ocr_line' id='line_1_22' title="bbox 272 2733 1120 2821; baseline 0 -23"><span class='ocrx_word' id='word_1_139' title='bbox 272 2733 455 2815; x_wconf 77' lang='lat' dir='ltr'>venatibus,</span> <span class='ocrx_word' id='word_1_140' title='bbox 484 2733 556 2819; x_wconf 87' lang='lat' dir='ltr'>plus</span> <span class='ocrx_word' id='word_1_141' title='bbox 584 2755 641 2820; x_wconf 91' lang='lat' dir='ltr'>per</span> <span class='ocrx_word' id='word_1_142' title='bbox 668 2734 768 2799; x_wconf 89' lang='lat' dir='ltr'>otium</span> <span class='ocrx_word' id='word_1_143' title='bbox 795 2734 990 2821; x_wconf 80' lang='lat' dir='ltr'>transigunt,</span> <span class='ocrx_word' id='word_1_144' title='bbox 1021 2733 1120 2798; x_wconf 88' lang='lat' dir='ltr'>dediti</span> 
     </span>
     <span class='ocr_line' id='line_1_23' title="bbox 273 2845 1120 2932; baseline 0 -22"><span class='ocrx_word' id='word_1_145' title='bbox 273 2867 386 2911; x_wconf 83' lang='lat' dir='ltr'>somno</span> <span class='ocrx_word' id='word_1_146' title='bbox 411 2845 556 2931; x_wconf 82' lang='lat' dir='ltr'>ciboque,</span> <span class='ocrx_word' id='word_1_147' title='bbox 579 2845 769 2912; x_wconf 88' lang='lat' dir='ltr'>fortissimus</span> <span class='ocrx_word' id='word_1_148' title='bbox 785 2846 920 2932; x_wconf 86' lang='lat' dir='ltr'>quisquc</span> <span class='ocrx_word' id='word_1_149' title='bbox 937 2870 974 2911; x_wconf 85' lang='lat' dir='ltr'>oc</span> <span class='ocrx_word' id='word_1_150' title='bbox 989 2847 1120 2911; x_wconf 88' lang='lat' dir='ltr'>bellico-</span> 
     </span>
    </p>
   </div>
   <div class='ocr_carea' id='block_1_4' title="bbox 276 3111 1118 3250">
    <p class='ocr_par' dir='ltr' id='par_1_6' title="bbox 276 3111 1118 3250">
     <span class='ocr_line' id='line_1_24' title="bbox 355 3111 1118 3188; baseline 0 -18"><span class='ocrx_word' id='word_1_151' title='bbox 355 3117 381 3170; x_wconf 78' lang='grc'>2.</span> <span class='ocrx_word' id='word_1_152' title='bbox 411 3115 467 3171; x_wconf 86' lang='lat' dir='ltr'>eius</span> <span class='ocrx_word' id='word_1_153' title='bbox 499 3134 539 3170; x_wconf 88' lang='lat' dir='ltr'>om</span> <span class='ocrx_word' id='word_1_154' title='bbox 568 3113 599 3169; x_wconf 89' lang='grc' dir='ltr'>Α.</span> <span class='ocrx_word' id='word_1_155' title='bbox 696 3117 825 3188; x_wconf 74' lang='lat' dir='ltr'>pcipuum</span> <span class='ocrx_word' id='word_1_156' title='bbox 852 3111 882 3168; x_wconf 89' lang='grc' dir='ltr'>Α.</span> <span class='ocrx_word' id='word_1_157' title='bbox 982 3117 1008 3169; x_wconf 86' lang='grc'>9.</span> <span class='ocrx_word' id='word_1_158' title='bbox 1036 3116 1118 3170; x_wconf 85' lang='lat' dir='ltr'>clare-</span> 
     </span>
     <span class='ocr_line' id='line_1_25' title="bbox 276 3193 1023 3250; baseline 0.003 -2"><span class='ocrx_word' id='word_1_159' title='bbox 276 3203 353 3250; x_wconf 82' lang='lat' dir='ltr'>scant</span> <span class='ocrx_word' id='word_1_160' title='bbox 375 3197 402 3248; x_wconf 82' lang='lat' dir='ltr'>C.</span> <span class='ocrx_word' id='word_1_161' title='bbox 498 3196 544 3249; x_wconf 91' lang='lat'>10.</span> <span class='ocrx_word' id='word_1_162' title='bbox 563 3203 654 3250; x_wconf 81' lang='lat' dir='ltr'>tueare</span> <span class='ocrx_word' id='word_1_163' title='bbox 677 3196 704 3250; x_wconf 83' lang='lat' dir='ltr'>C.</span> <span class='ocrx_word' id='word_1_164' title='bbox 805 3195 849 3248; x_wconf 89' lang='grc'>18.</span> <span class='ocrx_word' id='word_1_165' title='bbox 869 3195 924 3248; x_wconf 89' lang='lat' dir='ltr'>imo</span> <span class='ocrx_word' id='word_1_166' title='bbox 944 3193 1023 3250; x_wconf 78' lang='lat' dir='ltr'>ABG.</span> 
     </span>
    </p>
   </div>
   <div class='ocr_carea' id='block_1_5' title="bbox 0 0 1197 3802">
    <p class='ocr_par' dir='ltr' id='par_1_7' title="bbox 0 0 1197 3802">
     <span class='ocr_line' id='line_1_26' title="bbox 0 0 1197 3802; baseline 0 0"><span class='ocrx_word' id='word_1_167' title='bbox 0 0 1197 3802; x_wconf 95' lang='lat' dir='ltr'> </span> 
     </span>
    </p>
   </div>
  </div>
 </body>
</html>
