2364 3802
579 328 796 422 -52-.

267 533 328 598 qne
352 520 384 574 et
406 509 590 574 Fennorum
612 508 758 574 nationes
784 505 954 572 Germanis
977 530 1019 572 an
1044 505 1121 572 Sar·

266 623 360 688 matis
390 621 547 688 ascribam
581 620 706 686 dubito:
742 643 936 707 quamquam
968 619 1119 702 Peucini,

268 756 348 822 quos
373 733 502 820 quidam
517 733 691 798 Bastarnas
707 742 834 814 vocant,
859 754 1004 798 sermone
1028 733 1122 796 cultu

248 847 343 912 'sede
367 870 404 910 ac
428 845 595 910 domiciliis
618 855 654 910 ut
671 843 825 910 Germani
848 852 957 931 agunt.
1004 843 1121 908 sordes

268 958 409 1024 omnium
432 981 469 1022 ac
492 967 602 1045 torpor
624 979 807 1046 procerum:
839 956 983 1022 conubiis
1005 956 1119 1020 mixtis
1137 975 1148 1021 5

268 1093 334 1136 non
356 1071 435 1136 nihil
465 1070 498 1134 in
521 1069 739 1136 Sarmatarum
768 1069 912 1134 habitum
934 1068 1118 1134 foedantur.

268 1183 386 1249 Veneti
417 1183 551 1248 multum
580 1205 622 1247 ex
651 1182 792 1248 moribus
815 1190 995 1246 traxerant:
1041 1203 1119 1246 nam

270 1295 426 1383 quidquid
449 1295 531 1360 inter
553 1293 713 1360 Peucinos
741 1293 935 1379 Fennosque
964 1293 1119 1358 silvarum

270 1431 308 1474 ac
329 1407 486 1473 montium
509 1407 642 1494 erigitur
664 1406 840 1471 latrociniis
862 1415 1037 1492 pererrant.
1083 1405 1117 1469 hi

269 1530 377 1586 tamen
399 1519 481 1584 inter
497 1518 676 1585 Germanos
698 1518 805 1606 potius
826 1518 1016 1600 referuntur,
1040 1519 1143 1605 quial

270 1642 303 1697 ct
330 1631 442 1698 domos
471 1632 574 1718 figunt
603 1640 636 1696 et
663 1638 753 1696 scuta
782 1640 911 1717 gestant
938 1640 971 1697 et
999 1631 1118 1718 padum

270 1767 328 1809 usu
358 1767 394 1810 ac
420 1743 607 1830 pernicitate
636 1742 791 1829 gaudent:
816 1765 898 1829 quae
934 1743 1040 1808 omnia
1072 1743 1115 1808 di-

268 1879 363 1922 versa
385 1853 540 1922 Sarmatis
571 1864 646 1918 sunt
673 1854 709 1938 in
729 1855 871 1942 plaustro
901 1877 1049 1943 equoque
1071 1855 1115 1919 vi-
1164 1845 1165 1868 ¹

166 1990 168 1994 ’
269 1968 427 2035 ventibus.
451 1967 571 2032 Fennis
586 1965 667 2031 mira
683 1966 803 2050 feritas,
820 1967 915 2032 foeda
930 1977 1115 2055 paupertas:

269 2105 335 2148 non
372 2103 475 2162 arma,
505 2102 571 2144 non
606 2078 696 2165 equi,
732 2101 798 2144 non
825 2091 973 2167 penates3
1018 2079 1115 2144 victui
1135 2095 1155 2140 1·

269 2195 378 2276 herba,
402 2191 532 2257 vestitui
554 2191 664 2278 pellea,
693 2191 796 2256 cubile
818 2192 950 2276 humus3
974 2192 1062 2257 solae
1084 2191 1114 2255 in
1165 2219 1166 2224 ¹

271 2305 397 2394 sagittis
413 2327 495 2392 spes,
513 2326 592 2391 quas
608 2302 717 2391 inopia
729 2303 805 2368 ferri
818 2303 942 2369 ossibus
958 2311 1110 2391 asperant.

271 2418 419 2505 idemque
440 2425 574 2480 venatus
590 2415 677 2480 viros
700 2415 873 2502 pariturae
897 2416 1031 2481 feminas
1046 2415 1113 2480 alit:

271 2530 390 2618 passim
425 2527 510 2593 enim
546 2526 738 2592 comitantur
766 2539 952 2616 partemque
981 2527 1114 2616 praedae

373 2755 398 2808 1.
427 2754 579 2810 domnorum
609 2762 633 2807 et
662 2756 688 2808 ἐκ
722 2757 835 2824 mospius
870 2756 880 2810 l
909 2741 1059 2811 sosinoruin
1091 2753 1116 2806 C.

372 2833 497 2888 4-13.
531 2833 664 2889 domicilia
698 2834 762 2900 †††
793 2841 855 2890 sunt
876 2836 913 2924 'in
938 2835 1058 2907 plaustro
1092 2833 1117 2884 C.

373 2949 399 3004 5.
421 2946 562 3004 connubiis
583 2946 692 3011 A(B?)
804 2931 900 3021 mistds
915 2952 948 3009 A,
971 2947 1064 3003 mistos
1085 2965 1117 3002 aa

225 3045 228 3052 ’
273 3027 372 3084 mixtos
405 3028 437 3081 B.
544 3027 568 3080 7.
599 3028 708 3082 uenctlri
739 3028 772 3080 Β.
873 3029 899 3082 8.
929 3026 1058 3100 quicquid
1084 3028 1117 3081 ·A.

374 3108 418 3160 11.
443 3107 530 3177 figunt
555 3101 592 3158 A:
618 3108 724 3177 fingunt
747 3107 781 3160 Β.
879 3111 979 3180 padum
999 3108 1117 3196 Lipsius.-

277 3222 410 3291 pceudum
428 3221 453 3273 B
467 3227 492 3274 et
499 3237 537 3290 pr
551 3217 583 3278 A.
605 3217 727 3292 peditum
745 3237 804 3276 corr
817 3221 849 3274 A.
930 3222 974 3275 14.
995 3197 1075 3276 ttn'l's
1093 3221 1118 3274 C.
