2364 3802
583 347 802 413 „50-

266 529 450 598 Aestiorum
467 537 579 616 gentes
596 525 782 610 adluuntur3
799 526 912 612 quibus
928 525 1019 590 ritus
1037 523 1123 589 habi-

266 655 380 731 tusque
401 641 592 722 Sueborum,
616 638 727 728 lingua
741 637 946 704 Britannicae
970 637 1121 726 propior.

266 767 400 823 matrem
413 757 508 822 deum
518 764 720 820 venerentur.
739 752 865 840 insigne
877 750 1123 839 superstitionis

265 871 384 938 formas
400 891 552 957 aprorum
567 874 709 954 gestant:
725 865 758 930 id
773 888 831 953 pro
848 865 943 930 armis
956 864 1123 930 omnium-

266 1007 328 1071 que
351 982 615 1064 tuteluseeurum
638 979 715 1044 deae
739 979 893 1044 cultorem
909 978 1014 1044 etiam
1039 978 1147 1042 intere

264 1095 364 1162 hostis
387 1103 537 1183 praestat.
583 1115 673 1158 rarus
696 1091 783 1176 ferri,
807 1093 956 1179 frequens
980 1091 1122 1156 fustium

265 1231 351 1275 usus.
398 1208 557 1274 frumenta
580 1217 766 1293 ceterosque
794 1205 916 1272 fruetus
938 1203 1122 1293 patientius

266 1344 362 1409 quem
388 1344 447 1408 pro
463 1320 558 1386 solitu
574 1317 810 1386 Germanorum
823 1318 938 1386 inertie
953 1319 1120 1384 laborant.

266 1432 322 1500 sed
350 1443 382 1500 et
410 1457 497 1500 mare
520 1442 701 1498 scrutantur
723 1457 761 1498 ae
784 1433 843 1498 seli
867 1431 1011 1498 omnium
1038 1428 1120 1496 suei-

265 1570 351 1631 num,
375 1548 462 1635 quod
485 1547 546 1634 ipsi
570 1547 694 1634 glesum
709 1556 836 1631 vocant,
859 1547 943 1611 inter
957 1545 1050 1610 vada
1075 1550 1117 1607 at·
1132 1552 1152 1600 u

265 1681 328 1747 que
355 1659 389 1724 in
418 1660 487 1747 ipso
517 1659 610 1725 litore
638 1659 758 1748 legunt.
803 1683 863 1724 nee
892 1681 973 1746 quae
996 1667 1117 1722 natura

266 1794 387 1858 quaeve
414 1771 495 1836 ratio
525 1767 656 1859 gignat,
688 1783 724 1838 ut
746 1773 906 1856 barbaris,
930 1770 1115 1859 quaesitum

217 1943 219 1949 s
266 1893 519 1971 compertumve3
539 1884 592 1949 diu
609 1885 795 1971 quinetiam
809 1885 892 1950 inter
907 1894 1015 1950 cetera
1032 1883 1113 1950 eiec-

265 2005 405 2062 tamenta
433 1996 530 2063 maris
553 1996 695 2081 iacebat,
725 1998 827 2064 donee
850 1998 977 2064 luxuria
998 2006 1114 2063 nostra

265 2109 352 2177 dedit
373 2133 499 2176 nomen.
546 2111 623 2198 ipsis
652 2111 685 2176 in
707 2113 794 2177 nullo
823 2135 897 2177 usu:
930 2110 1009 2176 rude
1033 2107 1151 2196 legi-15

263 2233 324 2305 tur,
354 2223 491 2290 informe
518 2225 693 2312 perfertur,
726 2225 927 2314 pretiumque
956 2223 1110 2290 mirantes
1167 2257 1168 2272 κ

263 2336 432 2424 accipiunt.
479 2359 589 2402 sucum
615 2346 722 2402 tamen
745 2339 896 2403 arborum
924 2361 994 2403 esse
1019 2335 1104 2402 intel·

263 2449 367 2535 legas,
410 2449 484 2536 quia
525 2460 652 2516 terrena
684 2451 848 2538 quaedam
882 2461 978 2538 atque
1012 2451 1107 2516 etiam

262 2561 405 2627 volucria
429 2562 577 2628 animalia
599 2565 787 2652 plerumque
802 2565 1003 2647 interlucent,
1026 2583 1109 2652 quae

262 2672 424 2761 implicata
462 2675 594 2742 humore
633 2699 709 2742 mox
747 2677 934 2744 durescente
973 2675 1107 2743 materia
1123 2681 1147 2733 2⁰

319 2907 321 2917 '
362 2903 388 2958 1.
408 2904 552 2962 aestiorum
573 2905 640 2960 130³
653 2835 782 2964 fsiiorum
802 2908 834 2963 A.
912 2907 1056 2964 adluuntur
1077 2907 1107 2962 C:

262 2983 404 3040 ebluuutur
424 2986 479 3040 ΑΒ.
564 2985 590 3040 2.
610 3005 751 3044 suenorum
770 2988 850 3044 ABG.
928 2987 955 3043 4.
979 2988 1105 3060 omnique

263 3101 369 3172 Lipsiae
389 3108 414 3166 et
431 3097 510 3154 cederi
532 3101 683 3157 tirinensis.
763 3104 788 3157 6.
809 3073 876 3159 (istis
889 3103 922 3162 A.
944 3103 1036 3159 hostes
1050 3103 1104 3158 BC.

361 3182 387 3235 9.
407 3180 526 3236 sueinum
547 3181 606 3262 BQ.-
627 3182 765 3238 sueeinum
785 3186 817 3240 A.
898 3183 944 3237 12.
967 3183 1057 3255 gignit
1079 3183 1104 3236 C.

361 3261 406 3316 17.
427 3279 519 3316 sucum
539 3261 577 3314 B:
597 3279 704 3318 succum
723 3264 777 3317 Ac.
869 3262 1006 3335 intelliges
1028 3263 1103 3317 Anu

1164 3359 1168 3410 t
