<?xml version="1.0" encoding="UTF-8"?>
<!DOCTYPE html PUBLIC "-//W3C//DTD XHTML 1.0 Transitional//EN"
    "http://www.w3.org/TR/xhtml1/DTD/xhtml1-transitional.dtd">
<html xmlns="http://www.w3.org/1999/xhtml" xml:lang="en" lang="en">
 <head>
  <title>
</title>
<meta http-equiv="Content-Type" content="text/html;charset=utf-8" />
  <meta name='ocr-system' content='tesseract 3.04.00' />
  <meta name='ocr-capabilities' content='ocr_page ocr_carea ocr_par ocr_line ocrx_word'/>
</head>
<body>
  <div class='ocr_page' id='page_1' title='image "./corneliitacitig00haupgoog_0037.png"; bbox 0 0 2364 3802; ppageno 0'>
   <div class='ocr_carea' id='block_1_1' title="bbox 496 277 800 430">
    <p class='ocr_par' dir='ltr' id='par_1_1' title="bbox 496 277 800 430">
     <span class='ocr_line' id='line_1_1' title="bbox 496 277 800 430; baseline 0 -52"><span class='ocrx_word' id='word_1_1' title='bbox 496 277 500 284; x_wconf 76' lang='grc'><strong>’</strong></span> <span class='ocrx_word' id='word_1_2' title='bbox 577 311 709 430; x_wconf 56' lang='lat'><strong>&#39;22⁸</strong></span> <span class='ocrx_word' id='word_1_3' title='bbox 753 349 800 360; x_wconf 87' lang='lat'><strong>--</strong></span> 
     </span>
    </p>
   </div>
   <div class='ocr_carea' id='block_1_2' title="bbox 205 487 1171 2483">
    <p class='ocr_par' dir='ltr' id='par_1_2' title="bbox 205 487 1171 2483">
     <span class='ocr_line' id='line_1_2' title="bbox 265 487 1125 578; baseline 0 -24"><span class='ocrx_word' id='word_1_4' title='bbox 265 487 391 578; x_wconf 80' lang='lat' dir='ltr'><strong>seriptis</strong></span> <span class='ocrx_word' id='word_1_5' title='bbox 413 511 472 578; x_wconf 87' lang='lat' dir='ltr'><strong>per</strong></span> <span class='ocrx_word' id='word_1_6' title='bbox 486 488 640 556; x_wconf 82' lang='lat' dir='ltr'><strong>familiam</strong></span> <span class='ocrx_word' id='word_1_7' title='bbox 654 489 838 556; x_wconf 78' lang='lat' dir='ltr'><strong>ministeriis</strong></span> <span class='ocrx_word' id='word_1_8' title='bbox 854 497 1001 574; x_wconf 78' lang='lat' dir='ltr'><strong>utuntur:</strong></span> <span class='ocrx_word' id='word_1_9' title='bbox 1025 513 1125 554; x_wconf 79' lang='lat' dir='ltr'><strong>suam</strong></span> 
     </span>
     <span class='ocr_line' id='line_1_3' title="bbox 264 600 1123 690; baseline 0.002 -24"><span class='ocrx_word' id='word_1_10' title='bbox 264 601 399 690; x_wconf 81' lang='lat' dir='ltr'><strong>quisque</strong></span> <span class='ocrx_word' id='word_1_11' title='bbox 422 600 547 684; x_wconf 80' lang='lat' dir='ltr'><strong>sedem,</strong></span> <span class='ocrx_word' id='word_1_12' title='bbox 570 624 644 668; x_wconf 78' lang='lat' dir='ltr'><strong>suos</strong></span> <span class='ocrx_word' id='word_1_13' title='bbox 666 611 799 690; x_wconf 79' lang='lat' dir='ltr'><strong>penates</strong></span> <span class='ocrx_word' id='word_1_14' title='bbox 821 601 916 690; x_wconf 85' lang='lat' dir='ltr'><strong>regit.</strong></span> <span class='ocrx_word' id='word_1_15' title='bbox 961 601 1123 668; x_wconf 74' lang='lat' dir='ltr'>frumenti</span> 
     </span>
     <span class='ocr_line' id='line_1_4' title="bbox 263 713 1124 801; baseline 0 -21"><span class='ocrx_word' id='word_1_16' title='bbox 263 713 394 780; x_wconf 88' lang='lat' dir='ltr'><strong>modum</strong></span> <span class='ocrx_word' id='word_1_17' title='bbox 417 713 563 779; x_wconf 83' lang='lat' dir='ltr'><strong>dominus</strong></span> <span class='ocrx_word' id='word_1_18' title='bbox 586 723 642 779; x_wconf 80' lang='lat' dir='ltr'><strong>eut</strong></span> <span class='ocrx_word' id='word_1_19' title='bbox 662 715 788 801; x_wconf 79' lang='lat' dir='ltr'><strong>peeoris</strong></span> <span class='ocrx_word' id='word_1_20' title='bbox 810 725 866 780; x_wconf 81' lang='lat' dir='ltr'><strong>eut</strong></span> <span class='ocrx_word' id='word_1_21' title='bbox 886 714 985 780; x_wconf 78' lang='lat' dir='ltr'><strong>vestis</strong></span> <span class='ocrx_word' id='word_1_22' title='bbox 1008 725 1048 779; x_wconf 89' lang='lat' dir='ltr'><strong>ut</strong></span> <span class='ocrx_word' id='word_1_23' title='bbox 1066 738 1124 780; x_wconf 89' lang='lat' dir='ltr'><strong>eo-</strong></span> 
     </span>
     <span class='ocr_line' id='line_1_5' title="bbox 263 823 1124 914; baseline 0.001 -22"><span class='ocrx_word' id='word_1_24' title='bbox 263 825 338 892; x_wconf 90' lang='lat' dir='ltr'><strong>lono</strong></span> <span class='ocrx_word' id='word_1_25' title='bbox 368 823 507 914; x_wconf 86' lang='lat' dir='ltr'><strong>iniungit</strong></span> <span class='ocrx_word' id='word_1_26' title='bbox 523 835 563 891; x_wconf 86' lang='lat' dir='ltr'><strong>&#39;et</strong></span> <span class='ocrx_word' id='word_1_27' title='bbox 585 848 695 892; x_wconf 78' lang='lat' dir='ltr'><strong>servus</strong></span> <span class='ocrx_word' id='word_1_28' title='bbox 718 826 872 892; x_wconf 81' lang='lat' dir='ltr'><strong>haetenus</strong></span> <span class='ocrx_word' id='word_1_29' title='bbox 894 837 1001 914; x_wconf 80' lang='lat' dir='ltr'><strong>peret:</strong></span> <span class='ocrx_word' id='word_1_30' title='bbox 1032 837 1124 894; x_wconf 81' lang='lat' dir='ltr'><strong>cete·</strong></span> 
     </span>
     <span class='ocr_line' id='line_1_6' title="bbox 263 936 1154 1026; baseline 0.003 -24"><span class='ocrx_word' id='word_1_31' title='bbox 263 959 300 1002; x_wconf 82' lang='lat' dir='ltr'><strong>ra</strong></span> <span class='ocrx_word' id='word_1_32' title='bbox 327 936 439 1003; x_wconf 83' lang='lat' dir='ltr'><strong>domus</strong></span> <span class='ocrx_word' id='word_1_33' title='bbox 469 938 574 1003; x_wconf 81' lang='lat' dir='ltr'>efficia</span> <span class='ocrx_word' id='word_1_34' title='bbox 601 959 685 1003; x_wconf 86' lang='lat' dir='ltr'><strong>uxor</strong></span> <span class='ocrx_word' id='word_1_35' title='bbox 713 963 751 1004; x_wconf 83' lang='lat' dir='ltr'><strong>ae</strong></span> <span class='ocrx_word' id='word_1_36' title='bbox 779 938 872 1004; x_wconf 86' lang='lat' dir='ltr'>liberi</span> <span class='ocrx_word' id='word_1_37' title='bbox 902 951 1154 1026; x_wconf 70' lang='lat' dir='ltr'><strong>exequimum.⁵</strong></span> 
     </span>
     <span class='ocr_line' id='line_1_7' title="bbox 263 1043 1122 1138; baseline 0.002 -24"><span class='ocrx_word' id='word_1_38' title='bbox 263 1049 434 1116; x_wconf 82' lang='lat' dir='ltr'><strong>verberare</strong></span> <span class='ocrx_word' id='word_1_39' title='bbox 462 1073 590 1116; x_wconf 83' lang='lat' dir='ltr'><strong>servum</strong></span> <span class='ocrx_word' id='word_1_40' title='bbox 617 1073 655 1116; x_wconf 82' lang='lat' dir='ltr'><strong>ac</strong></span> <span class='ocrx_word' id='word_1_41' title='bbox 683 1051 820 1118; x_wconf 82' lang='lat' dir='ltr'><strong>vinculis</strong></span> <span class='ocrx_word' id='word_1_42' title='bbox 851 1043 1003 1138; x_wconf 64' lang='lat' dir='ltr'><strong>et&#39;opere</strong></span> <span class='ocrx_word' id='word_1_43' title='bbox 1028 1075 1122 1117; x_wconf 82' lang='lat' dir='ltr'><strong>coer-</strong></span> 
     </span>
     <span class='ocr_line' id='line_1_8' title="bbox 264 1162 1123 1251; baseline 0 -23"><span class='ocrx_word' id='word_1_44' title='bbox 264 1183 336 1228; x_wconf 76' lang='lat' dir='ltr'><strong>cere</strong></span> <span class='ocrx_word' id='word_1_45' title='bbox 356 1183 479 1228; x_wconf 82' lang='lat' dir='ltr'><strong>rurum:</strong></span> <span class='ocrx_word' id='word_1_46' title='bbox 503 1162 649 1228; x_wconf 82' lang='lat' dir='ltr'><strong>occidere</strong></span> <span class='ocrx_word' id='word_1_47' title='bbox 672 1163 786 1245; x_wconf 83' lang='lat' dir='ltr'><strong>solent,</strong></span> <span class='ocrx_word' id='word_1_48' title='bbox 808 1163 876 1228; x_wconf 87' lang='lat' dir='ltr'><strong>non</strong></span> <span class='ocrx_word' id='word_1_49' title='bbox 898 1162 1069 1251; x_wconf 83' lang='lat' dir='ltr'>disciplina</span> <span class='ocrx_word' id='word_1_50' title='bbox 1088 1175 1123 1231; x_wconf 86' lang='lat' dir='ltr'><strong>et</strong></span> 
     </span>
     <span class='ocr_line' id='line_1_9' title="bbox 264 1271 1121 1363; baseline -0.005 -23"><span class='ocrx_word' id='word_1_51' title='bbox 264 1274 450 1358; x_wconf 78' lang='lat' dir='ltr'><strong>severitate,</strong></span> <span class='ocrx_word' id='word_1_52' title='bbox 487 1274 544 1341; x_wconf 82' lang='lat' dir='ltr'><strong>sed</strong></span> <span class='ocrx_word' id='word_1_53' title='bbox 571 1275 692 1363; x_wconf 84' lang='lat' dir='ltr'><strong>impetu</strong></span> <span class='ocrx_word' id='word_1_54' title='bbox 721 1285 753 1342; x_wconf 88' lang='lat' dir='ltr'><strong>et</strong></span> <span class='ocrx_word' id='word_1_55' title='bbox 781 1275 844 1356; x_wconf 85' lang='lat' dir='ltr'>ira,</span> <span class='ocrx_word' id='word_1_56' title='bbox 874 1284 911 1339; x_wconf 91' lang='lat' dir='ltr'><strong>ut</strong></span> <span class='ocrx_word' id='word_1_57' title='bbox 938 1271 1121 1353; x_wconf 84' lang='lat' dir='ltr'><strong>inimicum,</strong></span> 
     </span>
     <span class='ocr_line' id='line_1_10' title="bbox 263 1385 1122 1474; baseline -0.005 -22"><span class='ocrx_word' id='word_1_58' title='bbox 263 1385 326 1452; x_wconf 82' lang='lat' dir='ltr'><strong>nisi</strong></span> <span class='ocrx_word' id='word_1_59' title='bbox 364 1387 450 1473; x_wconf 87' lang='lat' dir='ltr'><strong>quod</strong></span> <span class='ocrx_word' id='word_1_60' title='bbox 479 1387 608 1474; x_wconf 88' lang='lat' dir='ltr'><strong>impune</strong></span> <span class='ocrx_word' id='word_1_61' title='bbox 637 1397 695 1452; x_wconf 85' lang='lat' dir='ltr'><strong>est.</strong></span> <span class='ocrx_word' id='word_1_62' title='bbox 752 1385 857 1452; x_wconf 87' lang='lat' dir='ltr'><strong>liberti</strong></span> <span class='ocrx_word' id='word_1_63' title='bbox 885 1408 952 1452; x_wconf 86' lang='lat' dir='ltr'><strong>non</strong></span> <span class='ocrx_word' id='word_1_64' title='bbox 979 1385 1122 1450; x_wconf 88' lang='lat' dir='ltr'><strong>multum</strong></span> 
     </span>
     <span class='ocr_line' id='line_1_11' title="bbox 265 1497 1164 1586; baseline -0.003 -22"><span class='ocrx_word' id='word_1_65' title='bbox 265 1521 360 1586; x_wconf 80' lang='lat' dir='ltr'><strong>supra</strong></span> <span class='ocrx_word' id='word_1_66' title='bbox 383 1521 492 1564; x_wconf 80' lang='lat' dir='ltr'><strong>servos</strong></span> <span class='ocrx_word' id='word_1_67' title='bbox 514 1509 597 1582; x_wconf 83' lang='lat' dir='ltr'><strong>suut,</strong></span> <span class='ocrx_word' id='word_1_68' title='bbox 620 1523 693 1564; x_wconf 81' lang='lat' dir='ltr'><strong>raro</strong></span> <span class='ocrx_word' id='word_1_69' title='bbox 716 1498 847 1586; x_wconf 82' lang='lat' dir='ltr'>aliquod</span> <span class='ocrx_word' id='word_1_70' title='bbox 867 1507 1068 1576; x_wconf 83' lang='lat' dir='ltr'><strong>momentum</strong></span> <span class='ocrx_word' id='word_1_71' title='bbox 1084 1497 1121 1560; x_wconf 88' lang='lat' dir='ltr'><strong>in</strong></span> <span class='ocrx_word' id='word_1_72' title='bbox 1138 1515 1164 1562; x_wconf 84' lang='lat'><strong>10</strong></span> 
     </span>
     <span class='ocr_line' id='line_1_12' title="bbox 265 1609 1121 1697; baseline -0.005 -20"><span class='ocrx_word' id='word_1_73' title='bbox 265 1611 376 1693; x_wconf 87' lang='lat' dir='ltr'><strong>domo,</strong></span> <span class='ocrx_word' id='word_1_74' title='bbox 400 1633 574 1697; x_wconf 79' lang='lat' dir='ltr'><strong>numquam</strong></span> <span class='ocrx_word' id='word_1_75' title='bbox 597 1611 631 1676; x_wconf 90' lang='lat' dir='ltr'><strong>in</strong></span> <span class='ocrx_word' id='word_1_76' title='bbox 654 1611 798 1694; x_wconf 81' lang='lat' dir='ltr'><strong>civitate,</strong></span> <span class='ocrx_word' id='word_1_77' title='bbox 826 1610 969 1697; x_wconf 82' lang='lat' dir='ltr'><strong>exeeptis</strong></span> <span class='ocrx_word' id='word_1_78' title='bbox 992 1609 1121 1674; x_wconf 79' lang='lat' dir='ltr'><strong>dumta-</strong></span> 
     </span>
     <span class='ocr_line' id='line_1_13' title="bbox 264 1721 1171 1814; baseline -0.003 -26"><span class='ocrx_word' id='word_1_79' title='bbox 264 1731 321 1788; x_wconf 82' lang='lat' dir='ltr'><strong>xat</strong></span> <span class='ocrx_word' id='word_1_80' title='bbox 343 1723 381 1786; x_wconf 81' lang='lat' dir='ltr'><strong>iis</strong></span> <span class='ocrx_word' id='word_1_81' title='bbox 404 1723 553 1809; x_wconf 82' lang='lat' dir='ltr'><strong>gentibus</strong></span> <span class='ocrx_word' id='word_1_82' title='bbox 577 1745 659 1809; x_wconf 83' lang='lat' dir='ltr'><strong>quae</strong></span> <span class='ocrx_word' id='word_1_83' title='bbox 680 1733 865 1810; x_wconf 79' lang='lat' dir='ltr'><strong>regnantur.</strong></span> <span class='ocrx_word' id='word_1_84' title='bbox 906 1722 952 1788; x_wconf 92' lang='lat' dir='ltr'><strong>ibi</strong></span> <span class='ocrx_word' id='word_1_85' title='bbox 974 1721 1064 1786; x_wconf 86' lang='lat' dir='ltr'><strong>enim</strong></span> <span class='ocrx_word' id='word_1_86' title='bbox 1087 1730 1122 1786; x_wconf 80' lang='lat' dir='ltr'><strong>et</strong></span> <span class='ocrx_word' id='word_1_87' title='bbox 1170 1753 1171 1814; x_wconf 29' lang='grc' dir='ltr'>ἦ</span> 
     </span>
     <span class='ocr_line' id='line_1_14' title="bbox 265 1821 1171 1923; baseline -0.001 -24"><span class='ocrx_word' id='word_1_88' title='bbox 265 1856 360 1921; x_wconf 83' lang='lat' dir='ltr'><strong>super</strong></span> <span class='ocrx_word' id='word_1_89' title='bbox 394 1833 551 1921; x_wconf 79' lang='lat' dir='ltr'><strong>ingenuos</strong></span> <span class='ocrx_word' id='word_1_90' title='bbox 586 1844 618 1900; x_wconf 89' lang='lat' dir='ltr'><strong>et</strong></span> <span class='ocrx_word' id='word_1_91' title='bbox 646 1858 741 1923; x_wconf 80' lang='lat' dir='ltr'><strong>super</strong></span> <span class='ocrx_word' id='word_1_92' title='bbox 768 1836 893 1904; x_wconf 85' lang='lat' dir='ltr'><strong>nobiles</strong></span> <span class='ocrx_word' id='word_1_93' title='bbox 921 1832 1120 1900; x_wconf 78' lang='lat' dir='ltr'><strong>ascendunt:</strong></span> <span class='ocrx_word' id='word_1_94' title='bbox 1170 1821 1171 1912; x_wconf 76' lang='lat' dir='ltr'>l</span> 
     </span>
     <span class='ocr_line' id='line_1_15' title="bbox 266 1946 1171 2035; baseline 0 -23"><span class='ocrx_word' id='word_1_95' title='bbox 266 1946 350 2035; x_wconf 83' lang='lat' dir='ltr'><strong>apud</strong></span> <span class='ocrx_word' id='word_1_96' title='bbox 373 1955 496 2012; x_wconf 80' lang='lat' dir='ltr'><strong>ceteros</strong></span> <span class='ocrx_word' id='word_1_97' title='bbox 518 1947 655 2034; x_wconf 80' lang='lat' dir='ltr'><strong>impares</strong></span> <span class='ocrx_word' id='word_1_98' title='bbox 678 1948 820 2013; x_wconf 86' lang='lat' dir='ltr'><strong>libertini</strong></span> <span class='ocrx_word' id='word_1_99' title='bbox 842 1946 999 2014; x_wconf 79' lang='lat' dir='ltr'>libertatis</span> <span class='ocrx_word' id='word_1_100' title='bbox 1022 1969 1123 2032; x_wconf 81' lang='lat' dir='ltr'><strong>argu-</strong></span> <span class='ocrx_word' id='word_1_101' title='bbox 1170 1949 1171 2032; x_wconf 83' lang='lat' dir='ltr'>l</span> 
     </span>
     <span class='ocr_line' id='line_1_16' title="bbox 265 2057 1171 2126; baseline 0 -1"><span class='ocrx_word' id='word_1_102' title='bbox 265 2068 407 2126; x_wconf 89' lang='lat' dir='ltr'><strong>mentum</strong></span> <span class='ocrx_word' id='word_1_103' title='bbox 429 2070 512 2124; x_wconf 78' lang='lat' dir='ltr'><strong>eunt.</strong></span> <span class='ocrx_word' id='word_1_104' title='bbox 1139 2057 1171 2124; x_wconf 66' lang='lat'><strong>15}</strong></span> 
     </span>
     <span class='ocr_line' id='line_1_17' title="bbox 205 2151 1171 2259; baseline -0.005 -21"><span class='ocrx_word' id='word_1_105' title='bbox 205 2179 247 2238; x_wconf 79' lang='lat'><strong>20</strong></span> <span class='ocrx_word' id='word_1_106' title='bbox 331 2171 423 2238; x_wconf 84' lang='lat' dir='ltr'><strong>fenus</strong></span> <span class='ocrx_word' id='word_1_107' title='bbox 446 2171 569 2259; x_wconf 81' lang='lat' dir='ltr'><strong>agitare</strong></span> <span class='ocrx_word' id='word_1_108' title='bbox 593 2181 625 2239; x_wconf 81' lang='lat' dir='ltr'><strong>et</strong></span> <span class='ocrx_word' id='word_1_109' title='bbox 645 2172 680 2237; x_wconf 92' lang='lat' dir='ltr'><strong>in</strong></span> <span class='ocrx_word' id='word_1_110' title='bbox 698 2195 812 2238; x_wconf 80' lang='lat' dir='ltr'><strong>usuras</strong></span> <span class='ocrx_word' id='word_1_111' title='bbox 836 2171 1008 2236; x_wconf 84' lang='lat' dir='ltr'><strong>extendere</strong></span> <span class='ocrx_word' id='word_1_112' title='bbox 1024 2169 1119 2256; x_wconf 85' lang='lat' dir='ltr'>igno-</span> <span class='ocrx_word' id='word_1_113' title='bbox 1170 2151 1171 2160; x_wconf 9' lang='grc' dir='ltr'>ἵ</span> 
     </span>
     <span class='ocr_line' id='line_1_18' title="bbox 264 2282 1117 2371; baseline -0.002 -23"><span class='ocrx_word' id='word_1_114' title='bbox 264 2293 348 2368; x_wconf 83' lang='lat' dir='ltr'><strong>tum3</strong></span> <span class='ocrx_word' id='word_1_115' title='bbox 370 2282 507 2370; x_wconf 86' lang='lat' dir='ltr'><strong>ideoque</strong></span> <span class='ocrx_word' id='word_1_116' title='bbox 529 2284 634 2371; x_wconf 79' lang='lat' dir='ltr'>magis</span> <span class='ocrx_word' id='word_1_117' title='bbox 658 2294 802 2350; x_wconf 80' lang='lat' dir='ltr'><strong>servatur</strong></span> <span class='ocrx_word' id='word_1_118' title='bbox 824 2305 921 2370; x_wconf 82' lang='lat' dir='ltr'><strong>quam</strong></span> <span class='ocrx_word' id='word_1_119' title='bbox 938 2282 965 2347; x_wconf 81' lang='lat' dir='ltr'><strong>si</strong></span> <span class='ocrx_word' id='word_1_120' title='bbox 980 2282 1117 2350; x_wconf 85' lang='lat' dir='ltr'><strong>vetitum</strong></span> 
     </span>
     <span class='ocr_line' id='line_1_19' title="bbox 265 2394 1119 2483; baseline -0.004 -23"><span class='ocrx_word' id='word_1_121' title='bbox 265 2405 358 2462; x_wconf 77' lang='lat' dir='ltr'><strong>esset.</strong></span> <span class='ocrx_word' id='word_1_122' title='bbox 405 2396 476 2482; x_wconf 82' lang='lat' dir='ltr'>agri</span> <span class='ocrx_word' id='word_1_123' title='bbox 503 2418 562 2483; x_wconf 90' lang='lat' dir='ltr'><strong>pro</strong></span> <span class='ocrx_word' id='word_1_124' title='bbox 589 2419 723 2462; x_wconf 85' lang='lat' dir='ltr'><strong>numero</strong></span> <span class='ocrx_word' id='word_1_125' title='bbox 746 2397 903 2462; x_wconf 84' lang='lat' dir='ltr'><strong>cultorum</strong></span> <span class='ocrx_word' id='word_1_126' title='bbox 925 2395 966 2460; x_wconf 79' lang='lat' dir='ltr'><strong>ab</strong></span> <span class='ocrx_word' id='word_1_127' title='bbox 988 2394 1119 2460; x_wconf 71' lang='lat' dir='ltr'><strong>umiver·</strong></span> 
     </span>
    </p>
   </div>
   <div class='ocr_carea' id='block_1_3' title="bbox 265 2583 1120 2854">
    <p class='ocr_par' dir='ltr' id='par_1_3' title="bbox 265 2583 1120 2854">
     <span class='ocr_line' id='line_1_20' title="bbox 345 2583 1118 2708; baseline -0.004 -8"><span class='ocrx_word' id='word_1_128' title='bbox 345 2647 371 2700; x_wconf 94' lang='lat'><strong>1.</strong></span> <span class='ocrx_word' id='word_1_129' title='bbox 382 2615 538 2703; x_wconf 79' lang='lat' dir='ltr'><strong>ministeriis</strong></span> <span class='ocrx_word' id='word_1_130' title='bbox 552 2647 583 2701; x_wconf 79' lang='lat'><strong>0:</strong></span> <span class='ocrx_word' id='word_1_131' title='bbox 594 2583 768 2707; x_wconf 59' lang='lat' dir='ltr'><strong>minisliilslstl.</strong></span> <span class='ocrx_word' id='word_1_132' title='bbox 781 2645 911 2708; x_wconf 82' lang='lat' dir='ltr'><strong>ministris</strong></span> <span class='ocrx_word' id='word_1_133' title='bbox 922 2647 955 2700; x_wconf 92' lang='grc' dir='ltr'><strong>Β.</strong></span> <span class='ocrx_word' id='word_1_134' title='bbox 1036 2653 1118 2698; x_wconf 89' lang='lat' dir='ltr'><strong>utun-</strong></span> 
     </span>
     <span class='ocr_line' id='line_1_21' title="bbox 265 2725 1120 2797; baseline -0.004 -16"><span class='ocrx_word' id='word_1_135' title='bbox 265 2733 309 2781; x_wconf 84' lang='lat' dir='ltr'><strong>tur</strong></span> <span class='ocrx_word' id='word_1_136' title='bbox 328 2743 369 2780; x_wconf 83' lang='lat' dir='ltr'><strong>om</strong></span> <span class='ocrx_word' id='word_1_137' title='bbox 388 2727 423 2782; x_wconf 91' lang='grc' dir='ltr'><strong>Β.</strong></span> <span class='ocrx_word' id='word_1_138' title='bbox 502 2729 528 2782; x_wconf 91' lang='lat'><strong>3.</strong></span> <span class='ocrx_word' id='word_1_139' title='bbox 548 2736 579 2781; x_wconf 88' lang='lat' dir='ltr'><strong>ut</strong></span> <span class='ocrx_word' id='word_1_140' title='bbox 599 2729 648 2781; x_wconf 82' lang='lat' dir='ltr'><strong>BC</strong></span> <span class='ocrx_word' id='word_1_141' title='bbox 665 2735 691 2782; x_wconf 75' lang='lat' dir='ltr'><strong>et</strong></span> <span class='ocrx_word' id='word_1_142' title='bbox 701 2745 761 2782; x_wconf 83' lang='lat' dir='ltr'><strong>eurr</strong></span> <span class='ocrx_word' id='word_1_143' title='bbox 774 2729 812 2782; x_wconf 78' lang='lat' dir='ltr'><strong>A.-</strong></span> <span class='ocrx_word' id='word_1_144' title='bbox 832 2736 878 2782; x_wconf 77' lang='lat' dir='ltr'><strong>aut</strong></span> <span class='ocrx_word' id='word_1_145' title='bbox 886 2744 924 2797; x_wconf 80' lang='lat' dir='ltr'><strong>pr</strong></span> <span class='ocrx_word' id='word_1_146' title='bbox 936 2727 968 2781; x_wconf 80' lang='lat' dir='ltr'><strong>A.</strong></span> <span class='ocrx_word' id='word_1_147' title='bbox 1047 2725 1076 2778; x_wconf 87' lang='lat'><strong>4.</strong></span> <span class='ocrx_word' id='word_1_148' title='bbox 1090 2734 1120 2779; x_wconf 89' lang='lat' dir='ltr'><strong>et</strong></span> 
     </span>
     <span class='ocr_line' id='line_1_22' title="bbox 350 2812 375 2854; baseline -0.04 0"><span class='ocrx_word' id='word_1_149' title='bbox 350 2812 375 2854; x_wconf 76' lang='lat' dir='ltr'><strong>et</strong></span> 
     </span>
    </p>
   </div>
   <div class='ocr_carea' id='block_1_4' title="bbox 229 2874 1118 3264">
    <p class='ocr_par' dir='ltr' id='par_1_4' title="bbox 265 2874 1118 2948">
     <span class='ocr_line' id='line_1_23' title="bbox 265 2874 1118 2948; baseline -0.002 -18"><span class='ocrx_word' id='word_1_150' title='bbox 265 2875 326 2932; x_wconf 78' lang='lat' dir='ltr'>BC.-</span> <span class='ocrx_word' id='word_1_151' title='bbox 346 2885 376 2930; x_wconf 89' lang='lat' dir='ltr'><strong>ut</strong></span> <span class='ocrx_word' id='word_1_152' title='bbox 395 2877 427 2931; x_wconf 80' lang='lat' dir='ltr'><strong>A.</strong></span> <span class='ocrx_word' id='word_1_153' title='bbox 526 2876 553 2930; x_wconf 84' lang='lat'><strong>5.</strong></span> <span class='ocrx_word' id='word_1_154' title='bbox 573 2885 739 2948; x_wconf 77' lang='lat' dir='ltr'><strong>exequantur</strong></span> <span class='ocrx_word' id='word_1_155' title='bbox 761 2877 789 2931; x_wconf 87' lang='lat' dir='ltr'><strong>C.</strong></span> <span class='ocrx_word' id='word_1_156' title='bbox 885 2875 1003 2930; x_wconf 83' lang='lat'>9-15.</span> <span class='ocrx_word' id='word_1_157' title='bbox 1023 2874 1118 2929; x_wconf 81' lang='lat' dir='ltr'><strong>liberti</strong></span> 
     </span>
    </p>

    <p class='ocr_par' dir='ltr' id='par_1_5' title="bbox 266 2954 1117 3027">
     <span class='ocr_line' id='line_1_24' title="bbox 266 2954 1117 3027; baseline -0.002 -17"><span class='ocrx_word' id='word_1_158' title='bbox 266 2985 303 3000; x_wconf 90' lang='lat'><strong>-·</strong></span> <span class='ocrx_word' id='word_1_159' title='bbox 312 2964 498 3027; x_wconf 76' lang='lat' dir='ltr'><strong>argumentum</strong></span> <span class='ocrx_word' id='word_1_160' title='bbox 519 2965 595 3010; x_wconf 75' lang='lat' dir='ltr'><strong>sunt:</strong></span> <span class='ocrx_word' id='word_1_161' title='bbox 616 2958 678 3010; x_wconf 75' lang='lat' dir='ltr'><strong>laec</strong></span> <span class='ocrx_word' id='word_1_162' title='bbox 691 2959 718 3010; x_wconf 79' lang='lat' dir='ltr'><strong>in</strong></span> <span class='ocrx_word' id='word_1_163' title='bbox 724 2957 781 3026; x_wconf 80' lang='lat' dir='ltr'><strong>fine</strong></span> <span class='ocrx_word' id='word_1_164' title='bbox 794 2957 885 3026; x_wconf 69' lang='lat' dir='ltr'><strong>capue</strong></span> <span class='ocrx_word' id='word_1_165' title='bbox 899 2956 946 3022; x_wconf 78' lang='lat'><strong>26,</strong></span> <span class='ocrx_word' id='word_1_166' title='bbox 963 2962 1025 3025; x_wconf 76' lang='lat' dir='ltr'><strong>post</strong></span> <span class='ocrx_word' id='word_1_167' title='bbox 1037 2954 1117 3025; x_wconf 85' lang='lat' dir='ltr'>igno·</span> 
     </span>
    </p>

    <p class='ocr_par' dir='ltr' id='par_1_6' title="bbox 265 3035 1118 3104">
     <span class='ocr_line' id='line_1_25' title="bbox 265 3035 1118 3104; baseline -0.004 -14"><span class='ocrx_word' id='word_1_168' title='bbox 265 3045 372 3102; x_wconf 76' lang='lat' dir='ltr'><strong>rantur,</strong></span> <span class='ocrx_word' id='word_1_169' title='bbox 399 3036 489 3090; x_wconf 73' lang='lat' dir='ltr'><strong>tabent</strong></span> <span class='ocrx_word' id='word_1_170' title='bbox 506 3035 555 3088; x_wconf 83' lang='grc' dir='ltr'><strong>ΑΒ</strong></span> <span class='ocrx_word' id='word_1_171' title='bbox 561 3075 569 3093; x_wconf 92' lang='grc'><strong><em>,</em></strong></span> <span class='ocrx_word' id='word_1_172' title='bbox 594 3036 641 3090; x_wconf 73' lang='lat' dir='ltr'><strong>sed</strong></span> <span class='ocrx_word' id='word_1_173' title='bbox 659 3036 682 3089; x_wconf 86' lang='grc' dir='ltr'><em>Α</em></span> <span class='ocrx_word' id='word_1_174' title='bbox 704 3038 777 3090; x_wconf 80' lang='lat' dir='ltr'><strong>etium</strong></span> <span class='ocrx_word' id='word_1_175' title='bbox 795 3037 836 3090; x_wconf 69' lang='lat' dir='ltr'><strong>laic</strong></span> <span class='ocrx_word' id='word_1_176' title='bbox 856 3037 883 3088; x_wconf 74' lang='lat' dir='ltr'><strong>in</strong></span> <span class='ocrx_word' id='word_1_177' title='bbox 903 3037 1031 3104; x_wconf 71' lang='lat' dir='ltr'><strong>maryiue,</strong></span> <span class='ocrx_word' id='word_1_178' title='bbox 1054 3043 1118 3088; x_wconf 80' lang='lat' dir='ltr'><strong>&#39;cum</strong></span> 
     </span>
    </p>

    <p class='ocr_par' dir='ltr' id='par_1_7' title="bbox 229 3115 1118 3264">
     <span class='ocr_line' id='line_1_26' title="bbox 264 3115 1118 3188; baseline -0.001 -20"><span class='ocrx_word' id='word_1_179' title='bbox 264 3117 312 3168; x_wconf 78' lang='lat' dir='ltr'><strong>hec</strong></span> <span class='ocrx_word' id='word_1_180' title='bbox 331 3115 498 3173; x_wconf 63' lang='lat' dir='ltr'><strong>adeuntem.</strong></span> <span class='ocrx_word' id='word_1_181' title='bbox 519 3115 549 3168; x_wconf 86' lang='lat' dir='ltr'><strong>in</strong></span> <span class='ocrx_word' id='word_1_182' title='bbox 569 3115 621 3169; x_wconf 83' lang='lat' dir='ltr'><strong>hoe</strong></span> <span class='ocrx_word' id='word_1_183' title='bbox 641 3116 703 3171; x_wconf 86' lang='lat' dir='ltr'>loco</span> <span class='ocrx_word' id='word_1_184' title='bbox 722 3115 823 3188; x_wconf 83' lang='lat' dir='ltr'><strong>potius.</strong></span> <span class='ocrx_word' id='word_1_185' title='bbox 923 3115 968 3169; x_wconf 79' lang='lat'><strong>12.</strong></span> <span class='ocrx_word' id='word_1_186' title='bbox 987 3121 1016 3169; x_wconf 86' lang='lat' dir='ltr'><strong>et</strong></span> <span class='ocrx_word' id='word_1_187' title='bbox 1035 3127 1118 3185; x_wconf 83' lang='lat' dir='ltr'><strong>super</strong></span> 
     </span>
     <span class='ocr_line' id='line_1_27' title="bbox 229 3194 750 3264; baseline 0.002 -18"><span class='ocrx_word' id='word_1_188' title='bbox 229 3205 232 3212; x_wconf 65' lang='lat'><em>⁴</em></span> <span class='ocrx_word' id='word_1_189' title='bbox 267 3194 400 3264; x_wconf 81' lang='lat' dir='ltr'><strong>ingenuos</strong></span> <span class='ocrx_word' id='word_1_190' title='bbox 419 3195 461 3248; x_wconf 77' lang='lat' dir='ltr'><strong>lu&#39;c</strong></span> <span class='ocrx_word' id='word_1_191' title='bbox 480 3196 507 3247; x_wconf 76' lang='lat' dir='ltr'><strong>iu</strong></span> <span class='ocrx_word' id='word_1_192' title='bbox 526 3194 639 3261; x_wconf 72' lang='lat' dir='ltr'><strong>maryt‘ne</strong></span> <span class='ocrx_word' id='word_1_193' title='bbox 658 3212 698 3248; x_wconf 88' lang='lat' dir='ltr'><strong>om</strong></span> <span class='ocrx_word' id='word_1_194' title='bbox 718 3195 750 3250; x_wconf 88' lang='lat' dir='ltr'><strong>A.</strong></span> 
     </span>
    </p>
   </div>
   <div class='ocr_carea' id='block_1_5' title="bbox 0 0 1186 3802">
    <p class='ocr_par' dir='ltr' id='par_1_8' title="bbox 0 0 1186 3802">
     <span class='ocr_line' id='line_1_28' title="bbox 0 0 1186 3802; baseline 0 0"><span class='ocrx_word' id='word_1_195' title='bbox 0 0 1186 3802; x_wconf 95' lang='lat' dir='ltr'><strong> </strong></span> 
     </span>
    </p>
   </div>
  </div>
 </body>
</html>
