2364 3802
380 361 600 425 -31...

55 539 210 626 quamvis
233 539 362 604 mutatis
392 539 576 605 cultoribus.
624 539 680 604 sed
702 547 809 602 utrum
831 536 912 602 Ara·

53 651 143 715 visci
166 651 200 714 in
215 651 416 716 Pannoniam
437 653 477 716 ab
495 651 580 735 Osis,
606 651 841 718 Germanorum
856 673 911 715 na-

55 763 168 844 tione‚
204 785 246 827 an
276 762 335 829 Osi
370 764 412 829 ab
439 763 605 830 Araviscis
640 764 675 828 in
704 763 913 829 Germaniam

58 873 362 960 commigraverint,
389 899 463 940 cum
478 945 479 948 ,
493 876 605 942 eodem
634 876 737 941 adhuc
766 896 912 940 sermone

16 1003 37 1050 5
57 987 215 1051 institutis
239 988 380 1052 moribus
402 997 548 1070 utantur,
572 989 728 1053 incertum
751 997 809 1069 est,
837 985 913 1072 quia

56 1099 131 1186 pari
157 1099 234 1164 olim
256 1099 365 1187 inopia
388 1123 425 1164 eo
448 1100 596 1164 libertate
613 1101 724 1164 eedem
746 1099 912 1184 utriusque

56 1210 150 1297 ripae
173 1211 259 1275 bone
281 1211 428 1298 malaque
451 1221 551 1276 erant.
588 1212 722 1278 Treveri
745 1221 777 1277 et
798 1210 912 1275 Nervii

58 1323 148 1386 eirca
172 1315 408 1416 affectationem
434 1322 647 1414 Germanicae
671 1324 804 1410 originis
827 1323 911 1388 ultro

60 1433 226 1498 ambitiosi
242 1444 324 1517 sunt,
341 1444 505 1522 tamquam
519 1458 577 1523 per
591 1435 674 1500 hano
690 1435 912 1522 gloriamsan-

7 1564 41 1612 to
62 1542 172 1632 guinis
196 1569 215 1610 a
231 1546 437 1612 similitudine
454 1557 486 1612 et
500 1548 615 1612 inertia
632 1546 799 1613 Gallorum
823 1567 911 1633 sepa-

59 1667 182 1724 rentur.
228 1659 330 1746 ipsam
352 1659 458 1724 Rheni
480 1659 691 1748 ripemhaud
719 1659 814 1723 dubie
831 1657 912 1723 Ger-

60 1793 231 1834 manorum
258 1771 370 1857 populi
401 1771 525 1854 colunt,
561 1772 750 1859 Vangiones
781 1770 912 1835 Triboci

60 1883 224 1948 Nemetes.
269 1883 313 1946 ne'
339 1883 418 1948 Ubii
448 1884 591 1970 quidem,
626 1905 819 1970 quamquam
847 1883 913 1947 Ro-

61 2017 159 2060 mana
176 1973 302 2059 colonia
314 2017 383 2059 esse
395 1996 569 2060 meruerint
584 2019 621 2060 ao
633 1995 783 2060 libentius
795 1993 912 2080 Agrip-

7 2127 43 2174 15
62 2107 213 2192 pinenses
221 2107 395 2172 conditoris
403 2108 452 2172 sui
464 2107 593 2172 nomine
605 2115 773 2187 vocentur,
787 2105 912 2192 origine

65 2219 271 2301 erubescunt,
300 2215 494 2306 transgressi
523 2219 599 2283 olim
629 2228 661 2282 et
693 2217 912 2304 experimento
997 2283 999 2287 ,

60 2330 138 2396 fidei
167 2353 263 2418 super
290 2331 394 2419 ipsam
421 2331 528 2396 Rheni
556 2331 660 2422 ripam
683 2329 847 2412 collocati,
876 2339 913 2394 ut

60 2453 218 2525 arcerent,
242 2465 308 2507 non
330 2453 366 2508 ut
389 2443 634 2508 custodirentur.

91 2669 94 2674 '
143 2669 169 2722 1.
190 2647 366 2725 ereiiisciA..
431 2668 458 2721 2.
479 2687 495 2722 a
515 2668 586 2724 boiis
599 2669 680 2726 ABG.
703 2668 759 2722 osis
779 2683 867 2736 marqo
881 2668 913 2722 Α.
993 2663 996 2668 ’

144 2750 170 2838 ξ).
191 2749 248 2804 osci
272 2749 299 2803 C.
377 2747 405 2800 4.
429 2749 672 2820 commigrauerunt
696 2749 722 2801 C.
803 2749 830 2802 5.
849 2749 914 2818 quia

63 2900 95 2954 G.-
112 2842 171 2970 (ibi
184 2900 217 2959 Α,
240 2898 286 2970 qui
306 2899 358 2987 Β..
389 2949 390 2954 ,
422 2898 446 2952 7.
467 2897 559 2952 Nervii
579 2898 727 2998 Rhenanam
748 2897 834 2952 neruli
848 2885 911 2957 BC,

60 3015 152 3104 lrieruli
171 3049 203 3102 A.
288 3049 315 3103 8.
337 2991 404 3122 ἓξὲξ
424 3048 456 3104 Α.
541 3049 696 3140 germanice
717 3050 752 3107 B,
773 3046 912 3138 germanie

65 3131 94 3188 C,
118 3146 247 3200 germane
267 3129 299 3184 A.
400 3129 447 3182 12.
471 3129 575 3183 treboor
599 3130 625 3182 C.
726 3129 771 3183 13.
792 3146 827 3184 ne
846 3127 912 3181 Ubn

64 3245 205 3298 acac:
225 3242 302 3298 nuso
322 3243 378 3303 ac.
401 3207 477 3298 tuse
496 3243 528 3297 A.
