2364 3802
415 339 634 404 „35-

93 495 214 600 gestat,
239 513 340 580 donee
363 537 397 582 se
421 516 517 582 oeede
532 516 640 582 hostis
663 516 817 582 absolvat.
851 517 948 603 pluri·
997 551 1000 558 »

93 625 159 690 mis
176 623 364 692 Chattorum
387 627 438 692 hio
461 630 568 716 placet
589 628 726 710 habitus,
747 629 874 716 iamque
897 653 949 695 ce·

93 747 176 804 nent
197 737 339 826 insignes
369 750 402 806 et
423 741 567 806 hostibus
592 741 685 806 simul
708 741 836 828 suisque
858 765 947 807 mon-

92 851 197 914 strati.
249 851 391 917 omnium
417 875 517 940 penes
545 853 603 917 hos
631 853 723 918 initia
755 876 946 942 pugnorum,

51 962 176 1028 shaee
204 963 310 1049 prime
338 987 463 1052 semper
490 965 591 1048 ecies,
628 967 698 1031 visu
726 989 820 1031 nova.
870 989 947 1032 nem

90 1097 136 1138 ne
161 1075 196 1138 in
216 1098 295 1163 paee
319 1077 448 1164 quidem
463 1078 554 1144 vultu
569 1062 694 1144 mitiore
709 1089 945 1144 mansuescunt.

90 1186 175 1251 nulli
197 1187 308 1254 domus
324 1199 379 1254 sut
394 1213 473 1277 eger
488 1201 543 1256 eut
558 1191 665 1278 aliqua
681 1214 771 1256 eure:
794 1200 890 1278 prout
905 1191 947 1256 ad

90 1321 252 1386 quemque
274 1323 390 1366 venere
414 1303 556 1383 aluntur,
580 1303 709 1390 prodigi
732 1303 845 1385 alieni,
870 1326 944 1368 oon·

89 1422 268 1499 temptores
296 1413 345 1478 sui
352 1461 361 1495 ,
391 1413 493 1480 donee
520 1415 677 1502 exanguis
705 1425 852 1480 senectus
878 1425 945 1480 tem

30 1541 66 1588 10
89 1523 191 1588 durae
213 1525 325 1590 virtuti
347 1526 484 1613 impares
507 1527 615 1592 faciet.

21 1644 67 1699 ³2
158 1637 298 1723 proximi
315 1635 439 1704 Chattis
463 1650 585 1705 eertum
607 1640 672 1706 iem
687 1639 779 1705 alveo
793 1637 943 1703 Rhenum

87 1748 211 1835 quique
233 1750 386 1816 terminus
409 1775 480 1816 esse
502 1752 637 1816 sufficiat
658 1751 755 1840 Usipi
778 1775 815 1816 ee
839 1750 942 1816 Teuc·

87 1861 150 1926 teri
187 1862 306 1928 colunt.
365 1863 517 1930 Tencteri
552 1887 647 1953 super
681 1865 809 1930 solitum
843 1864 942 1928 bello·

86 1997 161 2038 rum
191 1975 287 2040 decus
316 1976 472 2063 equestris
501 1977 688 2064 disciplinae
711 1987 780 2042 erte
801 1976 942 2064 praecel-

32 2103 67 2150 15
89 2086 177 2168 lunt,
205 2110 266 2152 neo
295 2088 398 2152 maior
427 2089 513 2176 apud
540 2087 673 2154 Chattos
701 2089 845 2176 peditum
872 2088 942 2152 leus

91 2220 189 2284 quam
212 2199 380 2266 Tencteris
409 2201 561 2287 equitum.
607 2201 653 2266 sic
683 2200 848 2266 instituere
876 2222 941 2263 ma-

87 2310 189 2396 iores3
218 2312 340 2399 posteri
368 2299 542 2378 imitantur.
587 2313 620 2376 hi
649 2314 736 2378 lusus
759 2311 940 2394 infantium,

86 2425 169 2490 haee
202 2425 352 2490 iuvenum
382 2423 568 2510 aemulati03
601 2434 809 2514 perseverant
836 2447 939 2489 senes.

87 2537 175 2602 inter
202 2537 355 2602 familiam
388 2548 419 2604 et
446 2549 579 2626 penates
610 2550 643 2606 et
670 2539 738 2604 iura
767 2521 941 2604 successio-

30 2671 65 2719 20
86 2671 168 2716 num
191 2649 265 2736 equi
288 2648 470 2718 traduntur:
500 2651 620 2739 exeipit
641 2651 724 2716 filius
747 2672 812 2716 non
833 2659 869 2715 ut
891 2673 940 2714 ce-

176 2935 217 3002 Ι1.
245 2887 394 3022 absolueiit
414 2953 445 3005 Α.
546 2953 572 3006 2.
593 2951 745 3007 chettorum
765 2926 827 3005 ΒΟ)
853 2955 939 3004 cetto·

86 3083 148 3134 rum
159 3064 193 3118 A.
272 3066 299 3118 3.
314 3073 342 3120 et
352 3083 393 3120 om
399 3067 479 3136 prA.
559 3068 587 3126 6.
603 3067 676 3122 cultu
689 3066 717 3121 C.
797 3065 823 3120 7.
837 3043 898 3118 iure
906 3067 940 3120 A.

191 3143 217 3196 9.
244 3161 380 3216 exungues
399 3147 432 3201 A.
532 3147 577 3201 11.
598 3146 697 3202 chattis
718 3145 779 3200 Bc.-
804 3143 886 3200 eettis
906 3146 940 3201 A.

191 3223 237 3278 15.
257 3231 344 3282 cattos
364 3225 396 3278 A.

745 3342 786 3394 3*
