2364 3802
567 351 766 416 -6-

207 551 227 606 3
308 534 406 600 luisse
434 531 519 620 apud
547 553 603 596 eos
632 539 665 596 et
692 529 868 596 Herculem
901 535 1092 608 memorant,

241 648 441 736 primumque
465 645 607 710 omnium
635 643 778 708 virorum
806 641 938 706 fortium
962 641 1036 706 ituri
1059 641 1095 706 in

241 760 364 849 proelia
391 766 517 824 canunt
569 765 643 821 sunt
671 755 734 820 illis
762 755 841 820 haec
870 777 998 841 quoque
1027 777 1094 818 car-

241 873 329 938 mina
351 893 488 958 quorum
508 870 627 951 relatu,
656 891 753 954 quem
774 867 936 933 harditum
963 875 1093 947 vocant,

243 984 422 1052 accendunt
438 983 559 1048 animos
582 982 772 1067 futuraeque
787 1002 916 1067 pugnae
931 979 1094 1044 fortunam

243 1097 313 1184 ipso
350 1104 446 1160 cantu
474 1103 680 1180 augurantur.
732 1102 852 1158 terrent
881 1092 966 1156 enim
999 1091 1095 1177 trepi-

203 1250 207 1258 ·
244 1207 361 1272 dantve
384 1209 479 1295 prout
501 1206 608 1272 sonuit
629 1206 732 1287 acies,
755 1227 816 1270 nec
838 1214 905 1270 tarn
927 1203 1017 1268 vocis
1039 1203 1095 1268 ille

122 1379 126 1390 .
244 1343 341 1408 quarn
368 1319 495 1383 virtutis
525 1327 697 1384 concentus
731 1317 868 1382 videtur.
926 1317 1096 1381 affectatur

243 1432 413 1520 praecipue
441 1430 594 1517 asperitas
617 1430 688 1496 soni
717 1439 749 1495 et
775 1429 912 1494 fractum
939 1451 1093 1508 murmur,

245 1544 378 1610 obiectis
400 1543 441 1608 ad
464 1564 500 1607 os
522 1543 635 1626 scutis,
664 1565 729 1629 quo
751 1541 877 1629 plenior
903 1551 937 1606 et
963 1540 1094 1628 gravior
1115 1551 1148 1600 10

243 1679 311 1721 vox
324 1676 512 1743 repercussu
532 1652 732 1720 intumescat
771 1664 912 1719 ceterum
927 1662 960 1718 et
974 1653 1095 1718 Vlixen

245 1767 375 1856 quidam
391 1767 562 1854 opinantur
576 1767 675 1852 longo
698 1767 753 1831 illo
770 1776 802 1831 ct
824 1767 970 1831 sabuloso
986 1789 1094 1830 errore

245 1881 278 1945 in
306 1879 390 1943 hune
414 1878 581 1945 Oceanum
611 1878 751 1944 delatum
773 1878 877 1944 adisse
901 1877 1095 1944 Germaniae

245 2001 362 2073 terras,
385 1989 693 2078 Asciburgiumque‚
723 1990 810 2079 quod
837 1991 883 2056 in.
897 1991 968 2078 ripa
989 1989 1096 2054 Rheni

245 2105 342 2170 situm
364 2102 522 2190 hodieque
544 2103 711 2187 incolimu,
739 2105 780 2169 ab
807 2104 863 2168 illo
888 2103 1095 2170 constitutum
1117 2113 1149 2161 15

245 2217 507 2302 nominatumque
534 2264 729 2281 .......
743 2240 752 2281 :
775 2239 863 2280 aram
892 2215 969 2303 quin
999 2215 1095 2286 etiam

245 2327 336 2392 Vlixi
358 2337 577 2393 consecratam
605 2327 729 2393 adiecto
752 2327 889 2393 Laertae
917 2327 1017 2414 patris
1039 2349 1093 2390 no·

245 2440 331 2506 mine
354 2438 467 2505 eodem
489 2440 561 2505 loeo
586 2440 662 2505 olim
684 2449 852 2527 repertam,
876 2448 1094 2505 monumenta*

347 2619 374 2673 7.
397 2619 472 2674 vocis
503 2617 550 2674 ille
574 2649 608 2658 -
629 2618 735 2673 videtur
750 2619 912 2674 rumam:
942 2638 1023 2674 uoces
1049 2619 1096 2683 illa

247 2699 306 2770 (ille
321 2697 381 2768 Bc)
392 2733 432 2746 -
445 2699 570 2754 uidentur
583 2699 664 2754 Aac,
764 2699 810 2752 10.
825 2697 940 2753 obiectis
954 2701 1016 2753 AB:
1038 2700 1096 2754 dic·
1130 2755 1132 2764 ,

246 2779 282 2834 tis
304 2777 332 2832 0.
439 2781 474 2832 ad
493 2797 540 2834 eos
554 2795 592 2848 pr
604 2777 638 2832 Β.
745 2778 790 2833 11.
810 2778 900 2832 ulixen
923 2780 956 2833 C:
977 2779 1097 2849 ulyssem

247 2859 288 2928 (ss
308 2857 443 2926 inlitora)
463 2857 495 2911 A.
588 2857 634 2910 12.
653 2875 730 2913 erere
751 2857 774 2912 si
795 2857 822 2911 in
839 2858 867 2912 C.
962 2858 1007 2912 14.
1025 2858 1097 2914 asci-

246 2983 425 3056 burginmque
445 2983 485 3037 B:
505 2952 737 3056 saliburgiumque
757 2984 790 3045 Α,
818 2983 1047 3055 assiburgiumque
1069 2985 1097 3038 C.

333 3063 378 3119 15.
399 3063 480 3118 hodie
497 3064 525 3118 0.
610 3064 655 3118 16.
675 3064 903 3134 nominatumque,
922 3064 970 3118 aad
988 3066 1015 3118 a'a
1028 3081 1097 3118 mor·

243 3145 303 3212 m'ae
322 3146 400 3199 deest
415 3145 448 3210 A,
468 3141 688 3214 nominatumque
708 3158 894 3213 ασκιπυργιον
914 3144 970 3197 Bc.
1051 3143 1097 3197 17.

247 3223 331 3294 ulyssi
352 3222 392 3291 (as
412 3223 439 3276 ia
458 3221 546 3292 litura)
566 3225 598 3278 A.
