2364 3802
578 361 799 426 ..20-

262 537 330 617 sive
352 535 478 602 inscitia
499 515 697 603 aedificandi.
736 562 776 604 ne
792 546 1032 604 caementorum
1049 538 1123 626 qui-

263 649 336 716 dem
365 650 449 736 apud
477 649 549 714 illos
579 659 635 714 aut
657 649 838 736 tegularum
860 673 950 714 usus:
980 651 1123 715 materia

263 764 305 829 ad
327 762 434 827 omnia
455 771 587 826 utuntur
609 761 738 826 informi
761 771 793 826 et
810 761 891 826 citra
906 762 1047 848 speciem
1063 772 1124 827 aut

264 874 518 941 delectationem.
564 873 723 962 quaedam
750 873 822 938 loca
849 873 1033 960 diligentius
1058 839 1171 938 illi

263 996 345 1053 nunt
366 995 452 1052 terra
474 987 520 1052 ita
542 1009 623 1073 pura
645 1009 683 1050 ae
706 986 892 1073 splendente
906 996 943 1050 ut
957 986 1122 1073 picturam
1142 1005 1153 1051 5

265 1122 303 1164 ao
321 1099 514 1164 lineamenta
529 1098 673 1162 locorum
688 1098 839 1163 imitetur.
878 1099 981 1164 solent
998 1108 1029 1164 et
1045 1123 1124 1186 sup-

264 1221 429 1279 terrancos
452 1233 566 1298 specus
589 1211 713 1298 aperire
737 1232 856 1296 eosque
871 1211 970 1276 multo
987 1211 1124 1298 insuper

265 1323 341 1388 fimo
366 1333 509 1405 onerant,
533 1323 707 1411 suffugium
722 1322 819 1388 hiemi
834 1333 867 1388 ct
881 1324 1124 1410 receptaculum

265 1436 428 1523 frugibns3
452 1435 528 1522 quia
549 1436 692 1523 rig'orem
713 1435 870 1522 frigorum
893 1435 1050 1501 eiusmodi
1075 1437 1122 1500 lo-

266 1548 312 1613 cis
333 1547 491 1630 molliunt,
515 1556 547 1613 et
563 1547 589 1612 si
605 1539 732 1635 quando
749 1548 850 1614 hostis
865 1548 1003 1631 advenit,
1028 1571 1122 1635 aper·
1142 1563 1164 1611 ιο

153 1664 154 1673 ’
265 1669 300 1726 ta
316 1661 497 1747 populatur,
522 1658 631 1724 abdita
646 1669 753 1724 autem
769 1670 801 1725 et
816 1661 943 1726 defossa
958 1669 1012 1726 aut
1027 1660 1123 1747 igno·

265 1781 377 1838 rantur
393 1780 448 1836 aut
463 1793 501 1835 co
517 1771 587 1856 ipso
603 1770 717 1836 fallunt
732 1771 820 1858 quod
835 1772 1017 1860 quaerenda
1032 1783 1120 1838 sunt.

214 1894 250 1952 17
334 1892 486 1969 tegumen
516 1883 664 1948 omnibus
698 1906 812 1971 sagum
851 1885 950 1951 fibula
984 1895 1053 1968 aut,
1094 1886 1122 1950 si

267 1995 366 2078 desit,
398 1995 490 2082 spina
519 2005 722 2079 consertum3·
753 2007 859 2063 cetera
893 1997 1005 2063 intecti
1033 2007 1122 2064 totos

267 2109 335 2176 dies
363 2109 453 2173 iuxta
480 2108 588 2173 focum
616 2118 712 2195 atque
741 2110 849 2196 ignem
878 2120 988 2197 agunt.
1034 2111 1121 2175 locu·
1142 2126 1170 2212 ιῐ)ἶ

267 2221 436 2309 pletissimi
464 2231 554 2287 veste
590 2220 844 2307 distinguuntur,
878 2245 944 2286 uon
976 2221 1119 2288 fluitante

269 2333 352 2398 sicut
374 2331 541 2400 Sarmatae
569 2357 607 2398 ac
628 2332 757 2416 Parthi,
787 2332 844 2399 sed
872 2333 982 2398 stricta
1004 2344 1037 2399 et
1060 2335 1119 2398 sin·

269 2447 362 2532 gulos
392 2454 479 2510 artus
513 2446 720 2532 exprimente.
777 2456 894 2531 gemmt
922 2455 954 2511 et
982 2446 1122 2511 ferarum

268 2557 384 2643 pelles,
413 2555 553 2644 proximi
580 2556 670 2642 ripae
696 2557 922 2644 neglegenter,
953 2558 1121 2624 ulteriores

350 2773 377 2826 6.
396 2771 554 2826 liniamenta
573 2768 604 2825 A.
696 2773 818 2828 locorum
839 2774 1026 2844 Nipperdeius:
1046 2775 1120 2828 colo-

270 2869 328 2906 rum
359 2848 439 2905 ΑΒΘ.
544 2860 733 2930 suptemancos
765 2854 801 2907 A:
832 2856 1020 2908 subterraneos
1051 2853 1121 2908 BC?

360 2931 387 2985 8.
407 2932 591 2986 honerantC.
675 2934 701 2986 9.
722 2933 777 2988 1οοί
796 2933 935 2987 Acidaliae.
1022 2933 1067 2986 13.
1087 2935 1118 2987 fi-

270 3011 334 3082 gula
358 3010 391 3064 A.
496 3011 541 3066 15.
566 3010 637 3152 iusgta
661 3013 694 3066 A.
808 3013 855 3067 16.
879 3011 1063 3085 distinguntur
1088 3014 1120 3066 A.

361 3161 406 3214 18.
427 3169 525 3232 gerunt
547 3161 579 3214 0.·
599 3162 689 3216 ferunt
708 3164 741 3221 A.
763 3161 905 3216 feruntB.
986 3163 1031 3218 19.
1053 3181 1117 3234 neg·

271 3238 393 3309 legenter
415 3241 450 3293 C.-
470 3238 640 3311 negligenter
659 3241 717 3294 AB.
